1629 2553
630 106 801 138 ROMAN
830 106 1113 140 ANECDOTES.
1477 111 1530 156 73

442 283 512 317 20.
551 278 586 316 A
618 278 707 316 little
743 277 877 328 Wrong
889 278 965 328 sor
993 290 1016 315 a
1039 281 1151 327 great
1181 277 1292 316 Gaz‘n.

267 400 313 439 C.
344 400 491 438 Marius
522 411 640 449 quum
670 412 692 437 a
721 411 789 448 spe
818 399 1039 437 consulatus
1068 398 1182 448 longe
1212 399 1371 444 abesset,
1393 406 1430 437 et
1455 399 1530 437 iam

213 467 419 515 septimum
455 477 599 502 annum
634 471 722 513 post
752 469 967 512 praeturam
1002 464 1150 509 iaceret,
1185 476 1310 512 neque
1347 464 1531 513 petiturus

213 543 398 580 umquam
432 530 673 568 consulatum
703 529 900 573 videretur,
933 528 982 574 Q.
1018 528 1216 565 Metellum
1247 529 1354 567 cuius
1384 529 1531 578 legatus

212 603 302 642 erat,
324 607 517 634 summum
540 595 661 631 virum
691 600 728 631 et
757 595 889 639 civem,
912 606 1030 643 quum
1050 595 1099 631 ab
1120 606 1178 640 eo,
1200 594 1427 643 imperatore
1448 606 1529 640 suo,

173 667 189 700 5
212 662 379 699 Romam
403 661 539 698 missus
566 665 676 702 esset,
706 659 808 708 apud
838 658 1025 708 populum
1060 658 1283 696 Romanum
1311 660 1530 697 criminatus

210 733 278 770 est,
310 726 473 764 ‘bellum
501 726 606 763 illum
637 725 797 770 ducere;
839 724 869 761 si
899 735 939 761 se
972 723 1171 761 consulem
1205 724 1395 770 fecissent,
1426 725 1529 762 brevi

209 798 381 841 tempore
408 797 471 828 aut
490 791 615 828 vivum
636 795 699 827 aut
719 796 913 827 mortuum
933 789 1158 838 Iugurtham
1180 801 1220 827 se
1241 790 1278 826 in
1298 796 1528 839 potestatem

208 857 340 906 populi
370 856 538 894 Romani
566 854 830 893 redacturum.’
887 854 1022 904 Itaque
1044 854 1164 892 factus
1195 861 1251 892 est
1279 855 1340 892 ille
1369 855 1525 904 quidem

209 921 352 967 consul,
392 920 460 958 sed
500 933 522 958 a
561 920 636 957 fide
677 920 890 968 iustitiaque
931 919 1116 965 discessit,
1157 920 1221 969 qui
1265 920 1453 969 optimum
1493 927 1530 958 et

152 1002 190 1025 ιο
207 986 472 1035 gravissimum
497 985 630 1030 civem,
652 985 758 1022 cuius
787 984 934 1033 legatus
963 991 999 1021 et
1029 996 1051 1021 a
1080 996 1157 1034 quo
1188 985 1327 1023 missus
1357 991 1468 1031 esset,
1489 986 1528 1023 in

206 1052 385 1089 invidiam
414 1050 510 1088 falso
541 1051 697 1088 crimine
725 1049 933 1087 adduxerit.
994 1048 1056 1086 Ne
1076 1056 1206 1087 noster
1226 1050 1383 1099 quidem
1405 1050 1528 1088 Grati-

207 1117 340 1154 dianus
368 1115 494 1153 officio
521 1116 615 1153 boni
635 1115 701 1151 viri
728 1114 879 1153 functus
905 1120 964 1152 est
989 1121 1081 1160 tum,
1103 1126 1223 1164 quum
1243 1121 1396 1164 praetor
1416 1123 1528 1162 esset,

206 1182 486 1231 collegiumque
521 1187 739 1230 praetorum
773 1180 911 1217 tribuni
949 1180 1051 1229 plebi
1085 1180 1359 1227 adhibuissent,
1393 1188 1434 1219 ut
1467 1194 1527 1219 res

206 1248 420 1285 nummaria
448 1247 496 1284 de
525 1247 721 1284 communi
751 1246 939 1283 sententia
967 1246 1281 1283 constitueretur:
1319 1247 1528 1284 iactabatur

150 1326 184 1357 15
206 1314 308 1351 enim
345 1313 583 1361 temporibus
620 1311 691 1348 illis
725 1323 906 1348 nummus
941 1311 1005 1357 sic,
1040 1317 1080 1348 ut
1115 1323 1231 1348 nemo
1265 1318 1398 1360 posset
1432 1313 1527 1350 scire

206 1379 297 1428 quid
334 1378 502 1415 haberet.
561 1377 883 1425 Conscripserunt
926 1377 1181 1414 communiter
1223 1377 1391 1414 edictum
1438 1391 1526 1415 cum

204 1456 331 1493 poena
364 1449 478 1492 atque
511 1442 665 1488 iudicio,
701 1442 1054 1492 constitueruntque
1093 1448 1134 1479 ut
1173 1454 1309 1480 omnes
1344 1444 1454 1480 simul
1488 1445 1525 1481 in

204 1514 323 1547 rostra
356 1515 443 1558 post
473 1508 672 1545 meridiem
705 1507 967 1545 escenderent.
1024 1507 1075 1544 Et
1105 1508 1218 1544 ceteri
1247 1508 1403 1557 quidem
1431 1509 1526 1547 alius

204 1575 298 1621 ali0;
339 1574 485 1611 Marius
515 1575 564 1611 ab
593 1573 777 1611 subselliis
806 1574 845 1610 in
873 1580 996 1611 rostra
1024 1580 1136 1619 recta,
1158 1574 1272 1622 idque
1296 1574 1401 1623 quod
1421 1587 1525 1612 com-

145 1655 185 1677 20
204 1640 367 1678 muniter
414 1640 672 1689 compositum
719 1639 840 1676 suerat
882 1639 986 1676 solus
1030 1639 1157 1676 edixit.
1215 1638 1264 1676 Et
1301 1652 1346 1677 ea
1384 1652 1455 1686 res,
1494 1641 1526 1678 si

203 1707 364 1756 quaeris,
395 1706 430 1744 ei
458 1718 602 1755 magno
632 1705 770 1743 honori
800 1704 877 1742 fuit.
938 1704 1130 1742 Omnibus
1154 1705 1244 1742 vicis
1275 1711 1440 1753 statuae3
1475 1707 1525 1744 ad

202 1784 268 1809 eas
298 1772 396 1817 thus,
432 1772 540 1809 cerei.
605 1770 711 1818 Quid
742 1770 885 1807 multa?
925 1782 1041 1807 nemo
1075 1782 1261 1819 umquam
1294 1770 1524 1810 multitudini

202 1837 270 1875 fuit
308 1838 438 1875 carior.
508 1836 620 1874 Haec
650 1843 736 1874 sunt
766 1848 865 1885 quae
895 1837 1128 1873 conturbant
1157 1836 1333 1874 homines
1362 1837 1401 1874 in
1431 1838 1523 1875 deli-

202 1904 395 1940 beratione
425 1914 730 1952 nonnumquam,
762 1914 881 1951 quum
914 1902 952 1939 id
986 1903 1024 1938 in
1057 1914 1135 1951 quo
1167 1902 1326 1939 violatur
1354 1904 1524 1953 aequitas

142 1985 180 2017 ²5
201 1981 281 2006 non
319 1970 371 2007 ita
408 1981 605 2018 magnum,
644 1968 735 2006 illud
774 1974 902 2005 autem
941 1968 1047 2018 quod
1086 1980 1133 2005 ex
1172 1980 1219 2005 eo
1258 1969 1400 2018 paritur
1438 1983 1522 2020 per-

199 2047 386 2084 magnum
412 2034 580 2071 videtur:
621 2040 663 2071 ut
696 2033 821 2071 Mario
854 2034 1070 2083 praeripere
1104 2033 1260 2082 collegis
1294 2040 1331 2071 et
1363 2035 1522 2074 tribunis

199 2100 320 2150 plebis
349 2100 575 2149 popularem
605 2099 766 2148 gratiam
796 2110 875 2136 non
904 2099 955 2136 ita
980 2105 1101 2149 turpe,
1128 2098 1327 2136 consulem
1356 2101 1408 2138 ob
1435 2113 1522 2139 eam

198 2177 279 2202 rem
308 2165 399 2210 fieri,
429 2165 535 2214 quod
564 2165 635 2202 sibi
664 2171 745 2201 tum
775 2171 1039 2214 proposuerat,
1060 2164 1169 2201 valde
1197 2164 1287 2201 utile
1312 2164 1519 2205 videbatur.

200 2231 276 2270 Sed
305 2232 480 2269 omnium
508 2244 585 2269 una
613 2231 745 2281 regula
775 2238 842 2277 est,
874 2243 990 2280 quam
1019 2232 1086 2268 tibi
1115 2231 1229 2280 cupio
1259 2243 1343 2268 esse
1371 2233 1520 2271 notissi-

142 2310 180 2341 30
198 2309 325 2334 mam:
366 2297 466 2334 ‘Aut
499 2297 591 2334 illud
630 2296 735 2346 quod
772 2297 862 2334 utile
894 2297 1040 2335 videtur
1069 2303 1178 2346 turpe
1207 2308 1257 2334 ne
1286 2296 1356 2340 sit;
1396 2305 1459 2336 aut
1488 2299 1519 2337 si

197 2368 306 2412 turpe
326 2370 383 2400 est
403 2375 451 2401 ne
470 2362 639 2400 videatur
659 2374 742 2400 esse
762 2362 873 2400 utile)
