1629 2553
647 100 821 131 ROMAN
848 98 1135 132 ANECDOTES.
1495 91 1547 144 63

231 205 343 239 mem,
366 193 396 230 si
418 193 566 231 Romae
587 195 783 240 manseris,
804 200 840 232 te
862 194 992 244 paucis
1013 194 1124 232 annis
1144 193 1192 231 ad
1219 193 1406 231 maximas
1431 206 1544 243 pecu-

171 271 211 300 30
230 258 312 296 nias
333 270 417 295 esse
437 258 662 296 venturum!

282 322 354 359 viii.
385 321 516 368 Quum
537 322 741 360 Africanus
762 335 899 361 censor
918 324 1016 361 tribu
1042 330 1212 362 moveret
1241 336 1329 361 eum
1356 323 1544 361 centurio-

229 399 318 424 nem
338 388 402 436 qui
422 388 460 424 in
481 387 599 425 Paulli
619 400 750 437 pugna
771 399 849 425 non
871 388 1038 434 affuerat,
1060 400 1180 438 quum
1200 388 1260 426 ille
1282 401 1320 426 se
1348 388 1545 426 custodiae

229 464 343 489 causa
364 453 505 490 diceret
534 453 572 489 in
599 453 732 490 castris
755 454 994 499 remansisse,
1019 460 1306 503 quaereretque,
1329 465 1396 491 cur
1426 453 1474 489 ab
1501 464 1547 490 eo

229 523 433 562 notaretur,
456 520 464 536 ‘
482 517 573 555 Non
595 518 708 564 am0,’
729 518 860 567 inquit,
884 522 892 538 ‘
906 519 1067 556 nimium
1088 518 1314 568 diligentes.'

170 594 208 623 35
283 583 331 620 ix.
363 582 515 626 Nasica,
550 596 669 632 quum
703 584 752 621 ad
782 591 936 633 poetam
967 584 1137 622 Ennium
1166 585 1330 622 venisset
1359 584 1468 634 eique
1499 584 1547 620 ab

228 649 326 686 ostio
347 648 542 698 quaerenti
559 648 728 688 Ennium
749 649 885 686 ancilla
905 649 1059 687 dixisset
1081 649 1279 687 dominon
1295 661 1391 694 esse,
1406 648 1548 686 Nasica

229 713 345 750 sensit
365 713 466 750 illam
487 713 633 750 domini
654 713 757 751 iussu
778 714 919 751 dixisse
940 720 978 752 et
997 714 1102 752 illum
1130 715 1231 752 intus
1256 727 1352 752 esse.
1410 714 1547 752 Paucis

228 785 316 827 post
355 778 488 816 diebus
528 791 647 828 quum
677 779 725 816 ad
755 779 939 817 Nasicam
969 781 1135 818 venisset
1164 780 1313 818 Ennius
1342 786 1379 818 et
1408 793 1497 818 eum
1527 793 1548 817 a

228 843 341 880 ianua
362 850 569 893 quaereret,
592 844 779 881 exclamat
805 844 947 882 Nasica
976 857 1016 882 se
1047 845 1152 883 domi
1182 857 1261 883 non
1291 858 1387 883 esse.
1445 845 1548 883 Tum

169 922 209 950 40
229 907 388 953 Ennius,
422 911 430 927 ‘
446 908 579 955 Quid?
608 921 682 958 ego
703 922 783 947 non
810 911 1033 959 cognosco,'
1055 911 1187 960 inquit,
1210 914 1367 948 ‘vocem
1389 911 1522 948 tuam?
1539 910 1548 925 ¹

230 972 306 1011 Hic
336 973 488 1020 Nasica,
519 976 528 993 ‘
546 973 681 1012 Homo
711 987 751 1012 es
781 974 996 1024 impudens.
1059 975 1146 1024 Ego
1177 988 1296 1025 quum
1326 982 1362 1013 te
1392 988 1548 1025 quaere-

228 1051 319 1084 rem,
348 1040 506 1077 ancillae
536 1046 623 1078 tuae
658 1041 801 1078 credidi
835 1047 871 1078 te
903 1041 1009 1078 domi
1044 1053 1123 1078 non
1155 1053 1250 1086 esse,
1272 1048 1312 1078 tu
1342 1041 1434 1078 mihi
1469 1054 1548 1079 non

229 1104 350 1142 credis
371 1105 467 1154 ipsi?
483 1104 491 1119 ’

283 1183 318 1207 x.
349 1169 510 1217 Siculus,
546 1183 663 1220 quum
698 1171 732 1208 ei
767 1170 956 1209 familiaris
988 1170 1144 1221 quidam
1179 1178 1408 1220 quereretur,
1444 1172 1547 1221 quod

170 1246 207 1277 45
231 1235 382 1282 diceret,
402 1247 564 1273 uxorem
593 1247 701 1274 suam
737 1236 982 1284 suspendisse
1017 1248 1058 1273 se
1093 1236 1140 1274 de
1175 1236 1261 1282 ficu,
1283 1240 1292 1255 ‘
1309 1237 1463 1274 Amabo
1490 1236 1548 1283 te,'

230 1300 361 1349 inquit,
385 1303 394 1319 ‘
409 1301 458 1338 da
480 1301 572 1338 mihi
593 1313 640 1338 ex
661 1301 732 1338 ista
752 1301 886 1338 arbore
909 1313 1007 1350 quos
1029 1313 1153 1338 seram
1174 1301 1371 1339 surculos.'

283 1366 330 1403 xi.
371 1365 530 1404 Catulus
561 1366 712 1404 cuidam
742 1366 880 1403 oratori
911 1366 1024 1412 malo,
1056 1367 1131 1416 qui,
1168 1379 1286 1415 quum
1322 1367 1359 1408 in
1394 1367 1548 1416 epilogo

228 1431 527 1469 misericordiam
558 1444 598 1469 se
624 1432 790 1469 movisse
817 1437 975 1479 putaret,
997 1439 1203 1482 postquam
1230 1432 1381 1477 assedit,
1403 1433 1549 1481 rogavit

229 1508 316 1533 eum
347 1496 584 1534 videreturne
616 1497 918 1534 misericordiam
945 1497 1124 1544 movisse,
1146 1498 1228 1535 ‘Ac
1255 1510 1439 1546 magnam
1466 1499 1548 1546 qui-

169 1576 210 1607 50
229 1561 341 1606 dem,'
362 1562 504 1612 inquit;
538 1565 547 1581 ‘
563 1563 758 1600 neminem
779 1562 881 1599 enlm
901 1568 996 1610 puto
1017 1574 1101 1600 esse
1122 1569 1199 1599 tam
1221 1562 1369 1608 durum,
1390 1562 1449 1600 cui
1470 1574 1548 1600 non

228 1627 349 1664 oratio
370 1633 434 1664 tua
454 1627 672 1664 miseranda
691 1627 772 1664 visa
792 1626 862 1665 sit.’

281 1692 343 1729 xii.
374 1691 474 1730 Cato
495 1704 614 1741 quum
635 1704 838 1742 percussus
860 1698 960 1729 esset
987 1693 1037 1730 ab
1064 1705 1111 1731 eo
1141 1693 1206 1742 qui
1233 1705 1361 1731 arcam
1392 1693 1547 1738 serebat,

228 1769 347 1806 quum
377 1757 436 1794 ille
467 1757 620 1804 diceret,
660 1755 812 1803 ‘Cave,'
851 1758 1007 1806 rogavit,
1048 1758 1260 1808 ‘numquid
1298 1758 1397 1796 aliud
1437 1758 1548 1796 ferret

228 1829 377 1871 praeter
406 1822 574 1860 arcam?’

167 1900 208 1932 55
280 1888 354 1925 xiii.
388 1888 548 1934 Siculus,
579 1888 640 1926 cui
668 1895 820 1937 praetor
851 1889 980 1938 Scipio
1011 1896 1216 1938 patronum
1256 1902 1393 1927 causae
1432 1889 1547 1928 dabat

226 1953 418 2002 hospitem
448 1966 571 1999 suum,
601 1953 799 1991 hominem
829 1954 1009 1999 nobilem,
1041 1954 1109 1992 sed
1138 1954 1349 1992 admodum
1379 1955 1546 2002 stultum,

227 2018 436 2065 ‘Quaeso,’
458 2018 589 2068 inquit,
621 2021 806 2068 ‘praetor‚
837 2019 1050 2056 adversario
1080 2031 1168 2056 meo
1199 2019 1248 2056 da
1276 2020 1389 2057 istum
1419 2026 1547 2070 patro-

226 2095 330 2130 num,
352 2083 490 2121 deinde
511 2083 603 2120 mihi
623 2084 818 2121 neminem
840 2084 1013 2121 dederis.’

278 2149 349 2186 xiv.
381 2148 548 2186 Patrono
577 2148 690 2195 malo,
722 2162 840 2200 quum
870 2161 1004 2187 vocem
1043 2150 1081 2186 in
1121 2150 1285 2188 dicendo
1324 2150 1546 2197 obtudisset‚

167 2217 207 2246 60
226 2214 409 2251 suadebat
448 2213 625 2260 Granius,
665 2220 706 2251 ut
745 2215 911 2252 mulsum
957 2215 1137 2264 frigidum
1184 2216 1338 2262 biberet,
1389 2217 1546 2254 simulac

224 2278 383 2316 domum
414 2279 597 2316 redisset:
647 2279 860 2325 ‘Pc1·dam,'
891 2281 1023 2330 inquit,
1053 2284 1225 2327 ‘vocem,
1258 2281 1289 2319 si
1324 2281 1362 2319 id
1398 2280 1546 2320 sece1·0.'

226 2346 233 2362 ‘
251 2343 389 2382 Melius
411 2344 490 2389 est,’
512 2344 645 2394 inquit,
667 2348 674 2362 ‘
693 2357 809 2394 quarn
829 2345 960 2382 rcum.’
