1629 2553
613 100 786 133 ROMAN
813 100 840 132 A
849 100 1095 132 NECDOTES.
1457 91 1512 144 65

195 195 342 234 Luculli
371 195 600 245 quibusdam
629 195 733 233 libris
753 195 818 240 uti,
840 195 926 233 veni
945 195 983 232 in
1013 194 1094 232 eius
1115 193 1253 239 villam,
1273 200 1314 231 ut
1343 205 1411 231 eos
1431 193 1512 242 ipse

196 260 254 311 (ut
274 259 465 309 solebam)
485 260 573 298 inde
594 272 823 310 promerem.
859 259 950 306 Quo
966 271 1084 309 quum
1105 259 1308 305 venissem,
1324 258 1379 295 M.
1397 258 1512 296 Cato-

194 338 296 372 nem,
323 338 438 376 quem
459 326 509 364 ibi
530 338 615 364 esse
636 326 860 371 nescieram‚
881 325 956 363 vidi
982 326 1021 363 in
1047 324 1278 362 bibliotheca
1304 323 1511 367 sedentem,

154 405 173 437 5
194 391 321 429 multis
350 391 625 429 circumfusum
657 390 875 428 Stoicorum
904 391 1017 428 libris.
1074 390 1166 427 Erat
1190 390 1291 427 enim
1311 390 1350 426 in
1379 401 1427 426 eo
1457 389 1512 425 in-

193 456 377 494 exhausta
397 455 555 493 aviditas
575 455 739 504 legendi,
760 467 832 493 nec
853 456 978 493 satiari
999 462 1169 504 poterat:
1200 455 1342 504 quippe
1363 454 1439 502 qui,
1461 465 1509 490 ne

192 520 530 571 reprehensionem
560 520 714 570 quidem
748 520 849 570 vulgi
883 521 1037 558 inanem
1066 520 1332 565 reformidans,
1362 520 1401 556 in
1430 519 1513 567 ipsa

193 587 296 624 curia
333 586 470 624 soleret
509 586 633 634 legere
677 597 803 634 saepe,
843 586 935 623 dum
975 592 1128 624 senatus
1168 590 1378 634 cogeretur,
1419 583 1511 620 nihil

193 663 333 700 operae
353 650 581 701 reipublicae
604 650 829 688 detrahens:
859 663 937 700 quo
958 652 1081 700 magis
1102 657 1182 688 tum
1203 651 1242 687 in
1259 661 1410 688 summo
1432 649 1509 686 otio

137 727 175 750 10
193 717 435 766 maximaque
464 717 576 766 copia
606 717 713 765 quasi
742 716 897 753 helluari
926 717 1039 761 libris,
1061 717 1092 754 si
1122 716 1197 754 hoe
1217 716 1334 753 verbo
1365 715 1404 752 in
1433 721 1509 751 tam

191 782 292 820 clara
319 795 359 820 re
378 782 563 819 utendum
593 788 660 826 est,
682 781 890 819 videbatur.
949 781 1067 828 Quod
1097 793 1216 831 quum
1246 780 1449 818 accidisset
1469 787 1510 817 ut

191 847 283 885 alter
303 847 461 885 alterum
481 846 713 895 necopinato
735 847 961 893 videremus,
983 847 1142 885 surrexit
1162 846 1299 884 statim.
1356 845 1509 882 Deinde

191 913 313 961 prima
332 912 403 958 illa,
425 923 523 961 quae
544 911 583 947 in
604 923 814 960 congressu
835 912 1025 949 solemus:

246 977 373 1024 ‘Quid
400 977 464 1022 tu‚'
495 977 627 1026 inquit,
650 977 772 1014 ‘huc?
802 989 824 1013 a
844 977 928 1015 villa
958 978 1072 1024 enim,
1094 977 1231 1016 credo:
1263 983 1311 1023 et,
1334 977 1363 1015 si
1393 976 1442 1013 ibi
1471 982 1508 1013 te

135 1055 170 1087 15
190 1054 274 1080 esse
295 1043 465 1088 scissem,
487 1042 535 1079 ad
555 1048 590 1078 te
611 1041 692 1090 ipse
714 1042 927 1080 venissem!

245 1107 385 1153 ‘Heri,’
407 1108 575 1156 inquam,
596 1106 716 1144 ‘ludis
743 1108 970 1154 commissis,
991 1120 1038 1146 ex
1068 1108 1173 1147 Urbe
1203 1108 1397 1158 profectus
1423 1106 1507 1145 veni

190 1172 239 1211 ad
267 1185 480 1222 vesperum.
538 1171 666 1210 Causa
695 1180 822 1210 autem
842 1172 910 1211 fuit
938 1173 1012 1211 huc
1041 1174 1229 1220 veniendi,
1250 1181 1292 1211 ut
1320 1172 1509 1222 quosdam

190 1237 278 1276 hinc
298 1238 413 1276 libros
434 1250 674 1288 promerem:
704 1245 741 1275 et
767 1239 935 1288 quidem,
958 1239 1067 1285 Cato,
1088 1246 1209 1277 totam
1237 1239 1335 1277 hanc
1356 1239 1509 1288 copiam

190 1304 266 1341 iam
295 1304 455 1342 Lucullo
485 1310 617 1340 nostro
646 1310 778 1340 notam
808 1316 892 1341 esse
921 1305 1123 1354 oportebit.
1181 1304 1284 1342 Nam
1313 1304 1372 1342 his
1405 1304 1509 1341 libris

131 1385 172 1407 20
190 1382 279 1408 eum
307 1370 422 1416 malo,
443 1381 559 1419 quam
588 1368 734 1418 reliquo
764 1377 901 1407 ornatu
931 1370 1038 1408 villae
1068 1370 1256 1408 delectari.
1314 1369 1384 1407 Est
1404 1370 1506 1407 enim

190 1435 282 1472 mihi
301 1447 465 1484 magnae
487 1446 611 1480 curae,
634 1436 887 1485 (quamquam
908 1435 981 1473 hoc
1002 1436 1156 1485 quidem
1183 1435 1381 1485 proprium
1402 1441 1508 1472 tuum

190 1512 330 1538 munus
351 1502 436 1546 est,)
458 1507 498 1538 ut
518 1501 569 1538 ita
596 1500 797 1547 erudiatur,
818 1508 859 1538 ut
879 1507 916 1539 et
936 1501 1032 1551 patri
1053 1508 1090 1539 et
1111 1501 1301 1551 Caepioni
1321 1506 1452 1538 nostro
1474 1507 1509 1537 et

190 1566 256 1603 tibi
284 1572 361 1603 tarn
392 1567 613 1616 propinquo
647 1567 887 1616 respondeat.
946 1566 1100 1605 Laboro
1145 1574 1270 1604 autem
1309 1578 1389 1604 non
1427 1566 1509 1604 sine

191 1644 316 1670 causa.
374 1631 476 1669 Nam
500 1638 537 1669 et
560 1632 619 1669 avi
638 1632 718 1669 eius
738 1632 923 1669 memoria
944 1644 1102 1670 moveor
1123 1631 1212 1683 (nec
1233 1633 1336 1669 enim
1356 1632 1510 1680 ignoras

133 1714 171 1746 ²5
192 1697 323 1746 quanti
349 1696 503 1734 fecerim
524 1696 762 1746 Caepionem
780 1710 788 1734 z
824 1697 899 1746 qui,
920 1703 961 1734 ut
988 1697 1121 1746 opinio
1142 1709 1228 1735 mea
1249 1697 1328 1743 sert,
1350 1698 1388 1734 in
1408 1697 1510 1746 prin-

191 1763 340 1812 cipibus
361 1762 437 1800 iam
457 1769 568 1809 esset,
590 1764 620 1800 si
647 1764 785 1800 viveret
799 1761 824 1812 :)
859 1769 896 1800 et
916 1762 1099 1800 Lucullus
1121 1763 1212 1800 mihi
1234 1770 1402 1800 versatur
1422 1770 1509 1800 ante

191 1828 336 1873 oculos,
357 1828 410 1864 vir
430 1840 549 1877 quum
577 1829 757 1866 omnibus
777 1828 980 1874 excellens,
1001 1836 1082 1865 tum
1103 1840 1255 1865 mecum
1283 1835 1319 1866 et
1346 1828 1510 1866 amicitia

191 1899 228 1931 et
247 1893 354 1931 omni
373 1893 565 1930 voluntate
587 1894 847 1943 sententiaque
869 1893 1121 1932 coniunctus.’

246 1962 254 1978 ‘
268 1958 487 2005 Praeclare,'
505 1959 637 2009 inquit,
655 1963 664 1980 ‘
676 1959 779 2005 facis,
802 1972 920 2009 quum
937 1966 974 1997 et
989 1972 1123 1997 eorum
1144 1959 1370 1998 memoriam
1391 1967 1509 2006 tenes,

132 2037 172 2069 30
191 2036 354 2074 quorum
383 2031 541 2074 uterque
571 2024 637 2062 tibi
666 2031 896 2063 testamento
926 2025 1064 2063 liberos
1095 2038 1184 2063 suos
1214 2026 1508 2072 commendavit,

190 2096 227 2127 et
259 2102 420 2139 puerum
460 2089 594 2139 diligis.
653 2090 773 2137 Quod
807 2098 934 2129 autem
969 2105 1098 2130 meum
1128 2105 1268 2130 munus
1299 2092 1403 2138 dicis,
1429 2104 1510 2129 non

190 2155 368 2204 equidem
389 2167 545 2193 recuso:
578 2155 645 2193 sed
664 2162 701 2192 te
722 2156 892 2206 adiungo
921 2158 1079 2195 socium.
1136 2158 1252 2196 Addo
1274 2159 1386 2196 etiam
1407 2158 1508 2204 illud,

190 2222 309 2259 multa
329 2222 404 2258 iam
421 2220 513 2258 mihi
534 2221 622 2259 dare
639 2222 748 2271 signa
769 2234 929 2271 puerum
945 2230 982 2261 et
1000 2224 1160 2273 pudoris
1177 2231 1214 2262 et
1233 2224 1388 2274 ingenii.
1433 2224 1510 2261 Sed

191 2294 353 2325 aetatem
373 2287 500 2325 vides!

133 2369 171 2400 35
246 2352 394 2391 ‘Video
423 2350 624 2404 equidem,’
655 2352 836 2404 inquam:
877 2354 967 2392 ‘sed
996 2361 1123 2392 tamen
1155 2355 1232 2393 iam
1260 2355 1362 2394 infici
1397 2356 1509 2395 debet

845 2433 866 2458 F
