1629 2553
601 103 757 134 GREEK
788 103 1073 133 ANECDOTES.
1451 109 1462 136 1
1480 110 1489 135 1

552 255 613 290 17.
657 249 817 300 Yj'ranls
846 251 918 288 live
947 251 985 287 in
1014 250 1125 288 Fear.

234 353 312 401 Qui
339 366 378 392 se
402 355 519 392 metui
540 355 675 400 volent,
697 367 718 392 a
739 355 875 404 quibus
897 361 1123 402 metuentur,
1145 354 1306 393 eosdem
1327 362 1497 393 metuant

178 419 251 468 ipsi
285 432 442 457 necesse
476 426 541 457 est.
599 419 703 466 Quid
741 420 842 457 enim
882 432 1082 457 censemus
1121 421 1355 469 superiorem
1393 420 1496 458 illum

178 484 419 534 Dionysium,
444 496 522 534 quo
551 484 718 522 cruciatu
747 485 892 522 timoris
921 485 1011 533 angi
1040 485 1220 522 solitum?
1260 485 1335 534 qui,
1357 486 1497 523 cultros

179 556 353 588 metuens
376 550 580 595 tonsorios,
603 550 790 587 candente
809 550 975 587 carbone
996 550 1067 587 sibi
1088 550 1271 588 adurebat
1292 550 1496 600 capillum?

141 632 156 663 5
179 613 311 660 Quid?
366 615 629 652 Alexandrum
663 615 874 652 Pheraeum
903 627 980 664 quo
1013 615 1142 653 animo
1171 615 1309 653 vixisse
1341 616 1496 653 arbitra-

179 680 291 717 mur?
349 680 424 729 qui,
462 686 502 716 ut
541 680 723 729 scriptum
760 680 932 729 legimus,
972 692 1091 730 quum
1132 692 1293 718 uxorem
1332 681 1494 719 Theben

178 744 388 782 admodum
418 745 598 794 diligeret,
626 751 753 782 tamen
783 745 831 782 ad
862 757 947 782 eam
979 757 1026 782 ex
1057 745 1179 794 epulis
1209 746 1249 783 in
1279 746 1494 783 cubiculum

177 810 344 856 veniens,
376 810 590 856 barbarum,
622 817 658 847 et
688 822 776 847 eum
805 810 970 860 quidem,
1002 817 1043 847 ut
1077 811 1259 859 scriptum
1289 817 1355 857 est,
1389 823 1494 848 com-

177 881 363 923 punctum
397 875 499 912 notis
534 875 733 920 Threiciis,
764 874 942 912 destricto
976 875 1104 924 gladio
1139 875 1294 913 iubebat
1328 876 1492 922 anteire;

123 955 160 976 ιο
178 940 516 989 praemittebatque
537 940 584 977 de
606 940 848 989 stipatoribus
869 940 956 984 suis,
979 941 1043 990 qui
1064 947 1322 978 scrutarentur
1347 941 1494 979 arculas

177 1004 380 1042 muliebres
409 1011 445 1042 et
474 1017 522 1042 ne
549 1005 654 1054 quod
680 1005 718 1042 in
742 1005 973 1043 vestimentis
1003 1005 1256 1044 occultaretur
1284 1005 1400 1043 telum
1429 1019 1493 1044 ex-

176 1070 378 1119 quirerent.
436 1069 472 1108 O
493 1070 686 1116 miserum,
708 1071 772 1120 qui
800 1070 1010 1108 fideliorem
1040 1078 1076 1108 et
1105 1071 1308 1109 barbarum
1337 1078 1374 1109 et
1403 1073 1492 1121 stig-

176 1135 332 1173 matiam
361 1142 508 1184 putaret
537 1148 653 1186 quam
684 1136 908 1184 coniugeml
949 1135 1034 1173 Nec
1058 1148 1147 1173 eum
1168 1136 1306 1174 fefellit.
1365 1137 1427 1174 Ab
1449 1150 1494 1175 ea

175 1207 232 1239 est
269 1201 372 1238 enim
410 1201 493 1250 ipsa
530 1206 686 1250 propter
723 1200 918 1250 pellicatus
957 1201 1218 1250 suspicionem
1262 1201 1491 1240 interfectus.

120 1278 154 1309 15
176 1266 260 1304 Nec
292 1278 382 1304 vero
416 1266 490 1303 ulla
520 1267 576 1305 vis
607 1266 755 1315 imperii
783 1272 886 1304 tanta
925 1272 989 1312 est,
1027 1278 1124 1315 quae
1162 1273 1360 1316 premente
1389 1275 1492 1306 metu

175 1332 296 1381 possit
318 1343 402 1370 esse
429 1331 616 1370 diuturna.
675 1331 803 1369 Testis
831 1337 887 1368 est
916 1330 1097 1377 Phalaris,
1122 1332 1228 1370 cuius
1257 1338 1314 1370 est
1343 1340 1491 1382 praeter

175 1403 324 1434 ceteros
348 1396 545 1434 nobilitata
568 1396 791 1443 crudelitas;
829 1395 893 1444 qui
922 1407 1001 1433 non
1030 1408 1078 1433 ex
1106 1397 1253 1435 insidiis
1282 1398 1429 1444 interiit,
1451 1406 1491 1436 ut

173 1462 205 1500 is
228 1473 345 1511 quem
368 1462 488 1499 modo
514 1462 601 1507 dixi,
622 1461 858 1507 Alexander3
890 1473 969 1498 non
990 1474 1012 1498 a
1032 1462 1174 1510 paucis,
1195 1469 1236 1500 ut
1256 1462 1316 1500 hic
1337 1470 1489 1501 noster:

174 1527 243 1564 sed
276 1527 315 1563 in
349 1539 465 1576 quem
494 1528 670 1565 universa
698 1527 1035 1576 Agrigentinorum
1069 1527 1269 1565 multitudo
1302 1528 1489 1579 impeturn

118 1610 157 1632 20
173 1592 270 1630 fecit.
332 1592 462 1638 Quid?
528 1592 766 1630 Macedones
802 1604 932 1630 nonne
970 1591 1209 1630 Demetrium
1246 1593 1489 1643 reliquerunt,

172 1658 413 1707 universique
440 1670 479 1695 se
505 1658 554 1695 ad
580 1658 766 1707 Pyrrhum
786 1657 1052 1695 contulerunt?
1110 1656 1241 1703 Quid?
1297 1658 1489 1697 Lacedae-

172 1723 326 1760 monios
354 1724 490 1761 iniuste
519 1723 751 1772 imperantes
779 1734 910 1760 nonne
938 1729 1095 1773 repente
1124 1735 1261 1761 omnes
1290 1723 1367 1760 fere
1397 1725 1489 1761 socii

173 1787 430 1831 deseruerunt,
448 1793 759 1836 spectatoresque
773 1798 813 1825 se
829 1786 977 1824 otiosos
992 1787 1247 1836 praebuerunt
1267 1787 1489 1825 Leuctricae

171 1852 393 1890 calamitatis
407 1853 419 1890 ?

493 1993 558 2027 18.
602 1988 642 2025 T
635 2002 700 2027 rue
728 1988 951 2026 Palrz‘olz‘sm
981 1988 1165 2038 unselfish.

224 2092 372 2130 Inventi
406 2099 534 2130 autem
567 2093 674 2130 multi
708 2099 795 2131 sunt
829 2093 893 2142 qui
927 2105 1007 2131 non
1037 2092 1157 2131 modo
1189 2093 1391 2143 pecuniam
1421 2094 1488 2132 sed

167 2157 283 2195 vitam
329 2157 442 2195 etiam
489 2158 721 2208 profundere
766 2171 836 2209 pro
880 2160 1001 2208 patria
1038 2159 1159 2208 parati
1196 2165 1335 2205 essent,
1373 2160 1488 2198 iidem

167 2222 310 2272 gloriae
349 2223 531 2262 iacturam
570 2237 618 2262 ne
658 2225 858 2262 minimam
897 2225 1051 2274 quidem
1092 2225 1216 2263 facere
1254 2225 1400 2270 vellent,
1439 2238 1486 2263 ne

165 2287 361 2337 republica
394 2289 550 2338 quidem
584 2291 825 2339 postulante:
875 2297 915 2327 ut
954 2290 1224 2336 Callicratidas,
1265 2291 1329 2339 qui
1367 2303 1486 2340 quum

129 2365 145 2395 5
167 2351 560 2391 Lacedaemoniorum
595 2355 672 2393 dux
706 2355 838 2393 suisset
872 2354 1205 2405 Peloponnesiaco
1243 2355 1354 2402 bello,
1388 2356 1485 2393 mul-
