1629 2553
160 117 187 154 4
511 109 752 141 EXTRAOTS
783 110 917 141 FROM
946 109 1125 142 CICERO.

160 212 196 242 et
224 204 476 254 praebitorem
507 211 658 254 sperent
688 203 811 241 sore?’
872 203 975 240 Bene
999 202 1233 239 ‘ministrum
1262 207 1298 238 et
1325 199 1476 249 praebi-

161 268 305 314 torem‚'
328 270 417 317 quia
437 269 635 305 sordidum
655 269 759 316 regi:
795 268 929 304 melius
957 267 1083 312 etiam,
1105 265 1210 315 quod
1236 265 1475 313 largitionem

160 333 413 382 corruptelam
439 333 530 370 dixit
558 345 652 370 esse.
712 332 772 369 Fit
798 333 901 369 enim
928 331 1090 369 deterior
1111 331 1175 379 qui
1196 330 1342 378 accipit,
1363 334 1476 377 atque

161 398 209 435 ad
228 397 329 434 idem
351 409 501 446 semper
520 396 820 446 exspectandum
840 396 1016 446 paratior.
1075 394 1166 432 Hoc
1192 394 1253 432 ille
1280 394 1379 431 filio:
1410 393 1476 430 sed

161 469 405 512 praeceptum
425 468 604 511 putemus
626 462 817 499 omnibus.
1500 460 1540 483 ¹0

603 586 642 620 3.
681 581 812 632 Proqf
829 582 877 630 os
896 579 1039 629 Sanz'ly.

217 681 429 731 Sophocles
456 680 505 718 ad
532 691 723 717 summam
743 685 980 717 senectutem
1001 676 1218 726 tragoedias
1239 675 1347 713 fecit:
1377 675 1480 725 quod

162 753 315 796 propter
344 746 511 784 studium
542 757 661 794 quum
690 756 771 781 rem
801 744 994 792 negligere
1029 742 1252 779 familiarem
1281 741 1478 785 videretur,

162 824 184 849 a
214 812 297 849 filiis
331 812 369 848 in
400 810 582 847 iudicium
614 815 770 846 vocatus
803 815 869 853 est,
900 814 951 853 ut,
982 806 1313 857 quemadmodum
1347 812 1479 843 nostro

162 888 268 914 more
302 875 402 913 male
435 887 515 911 rem
550 874 769 923 gerentibus
807 874 977 923 patribus
1015 873 1128 910 bonis
1165 871 1336 909 interdici
1375 870 1480 916 solet,

163 943 215 979 sic
249 940 354 978 illum
388 940 496 989 quasi
531 939 784 988 desipientem
818 950 841 975 a
873 951 912 976 re
947 937 1118 975 familiari
1151 941 1389 974 removerent
1425 935 1480 972 iu·
1500 943 1518 975 5

163 1007 276 1044 dices.
333 1004 438 1042 Tum
469 1016 586 1042 senex
618 1004 752 1041 dicitur
782 1016 868 1040 eam
900 1002 1068 1040 fabulam
1097 1013 1212 1051 quam
1242 1001 1279 1037 in
1305 1000 1482 1037 manibus

163 1071 327 1108 habebat
348 1075 384 1107 et
405 1070 578 1118 proxime
601 1068 814 1117 scripserat,
838 1067 1032 1116 Oedipum
1054 1065 1282 1111 Coloneum,
1305 1065 1482 1102 recitasse

163 1136 362 1180 iudicibus,
393 1135 666 1183 quaesisseque
701 1146 793 1170 num
828 1133 918 1170 illud
953 1144 1106 1169 carmen
1136 1131 1354 1180 desipientis
1384 1130 1483 1167 vide-

166 1208 276 1239 retur.
335 1198 425 1245 Quo
447 1199 615 1244 recitato,
638 1198 833 1236 sententiis
855 1197 1022 1234 iudicum
1044 1203 1100 1234 est
1119 1196 1308 1234 liberatus,

606 1377 645 1411 4.
689 1372 788 1410 True
816 1372 1050 1423 Frzzendslnp.

221 1473 443 1510 Damonem
482 1478 519 1509 et
557 1471 747 1508 Phintiam
787 1470 1048 1521 Pythagoreos
1088 1471 1211 1509 ferunt
1248 1470 1322 1508 hoc
1355 1470 1485 1509 animo

168 1539 264 1576 inter
295 1551 335 1576 se
369 1538 493 1583 fuisse,
527 1543 577 1582 ut,
610 1549 728 1586 quum
760 1548 894 1574 eorum
925 1536 1028 1573 alteri
1063 1537 1270 1586 Dionysius
1305 1542 1486 1585 tyrannus

167 1605 269 1642 diem
311 1604 417 1641 necis
465 1602 740 1647 destinavisset,
780 1607 816 1639 et
854 1602 886 1639 is
925 1602 989 1650 qui
1026 1602 1138 1639 morti
1177 1601 1348 1638 addictus
1387 1607 1488 1638 esset

165 1680 311 1719 paucos
342 1667 412 1705 sibi
443 1667 523 1704 dies
553 1665 951 1704 commendandorum
986 1678 1143 1703 suorum
1177 1677 1292 1703 causa
1320 1666 1487 1714 postula-

166 1736 291 1779 visset,
331 1744 395 1770 vas
440 1732 560 1769 factus
599 1738 655 1769 est
693 1732 786 1768 alter
825 1732 906 1769 eius
944 1732 1112 1777 sistendi,
1150 1738 1202 1777 ut,
1241 1731 1272 1768 si
1308 1730 1367 1767 ille
1407 1742 1522 1779 non5

166 1799 391 1844 revertisset,
423 1798 668 1835 moriendum
700 1803 801 1834 esset
833 1798 916 1846 ipsi.
974 1797 1052 1843 Qui
1083 1809 1202 1846 quum
1233 1797 1282 1834 ad
1314 1796 1415 1834 diem
1447 1809 1487 1834 se

166 1864 380 1913 recepisset,
402 1862 609 1899 admiratus
635 1873 769 1899 eorum
796 1862 911 1898 ficiem
936 1868 1115 1910 tyrannus
1143 1862 1271 1912 petivit
1300 1868 1340 1898 ut
1369 1873 1409 1899 se
1439 1862 1487 1898 ad

167 1929 370 1968 amicitiam
391 1928 541 1965 tertium
563 1928 806 1965 ascriberent.

570 2058 609 2091 5.
648 2052 842 2100 Lysander
872 2056 912 2089 al
939 2051 1083 2089 Sar-dss.

222 2154 399 2191 Socrates
438 2152 477 2188 in
512 2151 784 2200 Xenophontis
812 2150 1079 2188 Oeconomico
1106 2150 1267 2199 loquitur
1294 2162 1382 2187 cum
1407 2150 1488 2188 Cri-

169 2218 312 2263 tobu10,
362 2215 505 2265 Cyrum
553 2215 752 2260 minorem,
801 2226 931 2263 regem
979 2214 1180 2251 Persarum
1234 2222 1488 2263 praestantem

169 2283 323 2333 ingenio
362 2287 475 2330 atque
513 2280 662 2328 imperii
710 2279 840 2327 gloria,
881 2291 998 2328 quum
1048 2278 1245 2327 Lysander
1293 2278 1489 2316 Lacedae-

168 2347 333 2392 monius,
362 2345 415 2381 vir
445 2356 617 2382 summae
645 2344 799 2389 virtutis,
829 2344 991 2381 venisset
1022 2343 1070 2380 ad
1101 2355 1187 2380 eum
1219 2343 1348 2380 Sardis
1378 2344 1488 2392 eique
