1629 2553
118 90 171 139 56
465 98 710 130 EXTRACTS
738 98 873 128 FROM
903 97 1082 129 CICERO.

117 195 255 232 utilitas
302 194 415 231 valuit
464 200 619 242 propter
657 193 910 237 honestatem,
953 192 1034 228 sine
1078 203 1154 240 qua
1201 204 1248 228 ne
1296 191 1434 228 utilitas

117 261 272 310 quidem
310 271 393 296 esse
433 259 627 307 potuisset.
687 258 738 294 At
771 258 809 293 in
843 269 890 294 eo
928 269 1017 305 rege
1057 257 1122 305 qui
1160 255 1306 293 Urbem
1341 268 1435 293 con-

116 325 223 370 didit,
261 336 340 361 non
379 325 478 361 item.
539 323 693 371 Species
738 323 840 359 enim
877 321 1044 359 utilitatis
1082 321 1252 358 animum
1293 321 1437 371 pepulit

117 391 218 427 eius:
267 389 327 426 cui
374 401 493 438 quum
531 388 655 425 visum
703 394 803 425 esset
842 387 980 432 utilius,
1020 385 1143 424 solum
1191 398 1307 435 quam
1347 398 1434 423 cum

118 456 233 492 altero
263 467 433 503 regnare,
471 454 626 491 fratrem
660 453 859 490 interemit.
918 451 1058 490 Omisit
1090 451 1152 489 hic
1186 458 1223 489 et
1256 452 1436 500 pietatem

118 528 154 558 ct
191 520 477 566 humanitatem,
515 526 556 557 ut
603 518 641 556 id
689 519 796 568 quod
833 518 923 556 utile
961 517 1158 555 videbatur
1196 529 1321 566 neque
1359 524 1437 555 erat

117 586 267 635 assequi
298 592 449 634 posset;
494 592 531 622 et
563 592 692 622 tamen
726 584 825 621 muri
857 595 1012 621 causam
1045 583 1237 632 opposuit,
1268 582 1436 631 speciem

117 651 327 689 honestatis
361 662 487 700 neque
521 649 760 699 probabilem
792 661 863 686 nec
893 660 985 686 sane
1014 649 1205 686 idoneam.
1263 648 1438 687 Peccavit

118 717 229 765 igitur
241 728 251 763 ;
281 728 376 766 pace
397 715 453 753 vel
475 714 626 761 Quirini
647 714 705 752 vel
727 713 884 751 Romuli
905 714 1076 752 dixerim.

452 847 490 880 3.
535 841 573 878 T
567 842 610 879 lte
638 841 779 878 Ileroes
808 841 856 890 os
880 841 954 878 Old
977 841 1103 879 Rome.

171 948 217 985 In
255 947 330 985 vita
376 947 516 984 rustica
553 945 620 983 Μ’.
661 945 810 990 Curius,
851 957 971 995 quum
1019 946 1066 983 de
1106 945 1350 992 Samnitibus,
1390 946 1438 985 de

119 1013 280 1059 Sabinis,
321 1013 368 1050 de
416 1011 562 1061 Pyrrho
610 1011 891 1060 triumphasset,
938 1012 1176 1061 consumpsit
1224 1018 1437 1049 extremum

116 1086 268 1128 tempus
313 1077 472 1115 aetatis:
522 1077 629 1115 cuius
677 1075 833 1126 quidem
877 1087 950 1124 ego
998 1076 1125 1113 villam
1173 1076 1437 1125 contemplans

119 1145 241 1189 (abest
272 1143 374 1180 enim
410 1154 490 1180 non
523 1142 640 1191 longe
672 1153 694 1178 a
721 1142 815 1188 me),
845 1141 1022 1178 admirari
1052 1142 1140 1179 satis
1169 1153 1248 1178 non
1276 1153 1436 1190 possum

1460 333 1498 354 10

1459 661 1496 693 15

116 1210 173 1247 vel
201 1208 369 1247 hominis
397 1208 517 1257 ipsius
546 1207 823 1245 continentiam
852 1206 909 1244 vel
940 1212 1157 1255 temporum
1187 1206 1436 1255 disciplinam.
1456 1221 1473 1251 5

116 1274 233 1312 Curio
272 1274 321 1311 ad
360 1272 490 1310 focum
525 1272 672 1310 sedenti
712 1283 897 1320 magnum
936 1271 1015 1308 auri
1053 1270 1206 1320 pondus
1246 1270 1436 1309 Samnites

115 1353 233 1390 quum
262 1339 484 1384 attulissent,
516 1338 703 1387 repudiati
734 1344 832 1375 sunt.
891 1336 984 1374 Non
1013 1337 1115 1373 enim
1145 1348 1278 1374 aurum
1297 1335 1436 1375 habere

115 1405 350 1455 praeclarum
390 1404 458 1441 sibi
497 1403 613 1441 videri
652 1403 756 1448 dixit,
796 1402 864 1439 sed
898 1402 943 1439 iis
977 1402 1041 1451 qui
1080 1401 1263 1439 haberent
1302 1414 1434 1439 aurum

114 1472 309 1520 imperare.
363 1469 567 1506 Poteratne
601 1474 728 1505 tantus
758 1468 908 1505 animus
937 1478 1017 1504 non
1052 1467 1200 1505 efficere
1229 1467 1435 1505 iucundam

114 1535 377 1573 senectutem?
418 1534 496 1572 Sed
516 1533 628 1571 venio
648 1533 697 1570 ad
721 1533 923 1582 agricolas,
945 1544 993 1570 ne
1015 1544 1037 1569 a
1056 1545 1117 1569 me
1142 1533 1226 1582 ipso
1247 1533 1434 1570 recedam.

113 1603 159 1640 In
181 1602 282 1651 agris
303 1606 408 1638 erant
429 1606 510 1637 tum
537 1605 746 1643 senatores,
769 1598 808 1635 id
838 1605 893 1636 est
914 1610 1047 1635 senes:
1077 1598 1107 1635 si
1135 1598 1289 1647 quidem
1316 1599 1437 1636 aranti

114 1669 159 1706 L.
181 1666 367 1713 Quinctio
390 1664 621 1703 Cincinnato
652 1664 866 1700 nuntiatum
893 1670 961 1709 est,
983 1675 1070 1700 eum
1106 1663 1331 1701 dictatorem
1351 1677 1435 1701 esse

114 1736 279 1772 factum:
310 1732 417 1769 cuius
439 1730 632 1768 dictatoris
654 1730 759 1767 iussu
785 1729 968 1778 magister
995 1729 1164 1779 equitum
1193 1729 1237 1767 C.
1259 1730 1435 1775 Servilius

111 1799 236 1838 Ahala
266 1797 329 1846 Sp.
360 1796 545 1833 Maelium
579 1807 742 1845 regnum
773 1801 1020 1844 appetentem
1059 1802 1291 1844 occupatum
1320 1796 1434 1833 inter-

112 1866 215 1903 emit.
273 1863 308 1900 A
337 1862 422 1899 villa
451 1862 489 1898 in
520 1868 695 1899 senatum
725 1861 1014 1898 arcessebantur
1043 1868 1079 1898 et
1100 1860 1236 1898 Curius
1255 1867 1292 1898 et
1322 1863 1434 1899 ceteri

111 1942 248 1968 senes:
280 1941 327 1966 ex
357 1939 445 1978 quo,
467 1927 530 1977 qui
560 1939 628 1964 eos
657 1927 911 1971 arcessebant,
932 1927 1094 1964 viatores
1124 1927 1308 1964 nominati
1338 1920 1436 1967 sunt.

113 1995 218 2032 Num
256 1994 368 2043 igitur
406 1993 544 2030 horum
584 1998 761 2029 senectus
799 1991 1024 2030 miserabilis
1064 1991 1142 2034 fuit,
1178 1992 1241 2041 qui
1281 2004 1320 2030 se
1355 1994 1433 2041 agri

113 2061 279 2099 cultione
301 2059 572 2096 oblectabant?

495 2184 535 2217 4.
575 2179 720 2216 Excess
750 2180 797 2228 (ff
816 2179 858 2216 F
856 2179 1051 2228 rz‘endshz'p.

168 2286 210 2323 C.
234 2285 407 2322 Blossius
438 2284 648 2329 Cumanus,
680 2296 799 2334 quum
830 2285 878 2321 ad
909 2296 980 2331 mc,
1004 2284 1067 2333 qui
1097 2284 1253 2322 aderam
1276 2284 1433 2322 Laenati

114 2359 150 2388 et
172 2351 326 2400 Rupilio
349 2350 569 2388 consulibus
599 2350 636 2385 in
664 2348 837 2395 consilio,
859 2349 1106 2398 deprecatum
1127 2350 1301 2396 venisset,
1334 2349 1432 2387 hanc

1458 1550 1496 1572 10

1459 1879 1492 1909 15
