1629 2553
67 98 120 137 62
413 105 655 136 EXTRACTS
685 106 820 137 FROM
849 105 1027 137 CICERO.

66 198 283 236 dominatur
313 199 350 235 in
383 211 482 236 suos.
543 198 596 236 Ut
626 199 727 236 enim
758 199 1055 244 adolescentem,
1090 198 1129 235 in
1157 210 1233 247 quo
1263 197 1383 235 senile

65 264 218 312 aliquid,
250 265 303 301 sic
334 276 478 309 senem,
508 264 546 300 in
577 276 653 313 quo
684 270 740 301 est
769 264 910 313 aliquid
940 263 1206 309 adolescentis,
1237 264 1382 312 probo:

66 329 169 376 quod
199 329 263 377 qui
294 329 472 378 sequitur,
494 341 655 379 corpore
686 341 802 367 senex
833 341 916 366 esse
945 328 1094 378 poterit,
1116 327 1244 365 animo
1275 339 1385 364 num-

67 405 181 442 quam
213 394 290 432 erit.

390 502 453 536 12.
497 496 702 546 Specz'mens
731 498 778 547 os
796 496 945 534 Roman
983 497 1062 534 Wz‘l.

119 602 140 639 i.
173 602 392 640 Ridiculum
415 609 471 639 est
493 602 583 639 illud
611 600 878 638 Neronianum
908 607 1014 637 vetus
1044 600 1082 636 in
1108 600 1237 638 surace
1265 611 1385 645 servo,

67 667 224 704 ‘Solum
251 680 346 712 esse,
377 667 437 704 cui
468 667 573 704 domi
601 666 693 702 nihil
721 666 767 702 sit
790 678 862 702 nec
889 666 1134 714 obsignatum
1164 678 1235 703 nec
1261 665 1387 703 occlu-

67 744 174 769 sum:
193 730 202 746 '
232 733 337 782 quod
358 732 458 769 idem
480 732 518 768 in
542 733 648 769 bono
676 743 784 769 servo
814 731 886 768 dici
919 731 1037 776 solet;
1069 730 1136 768 sed
1157 730 1231 768 hoc
1252 731 1386 768 iisdem

67 798 179 835 etiam
199 799 333 836 verbis.

122 863 154 899 ii.
187 863 369 901 Africano
390 864 452 902 illo
474 863 619 909 maiori,
642 874 825 900 coronam
848 862 918 900 sibi
939 862 976 898 in
998 862 1171 899 convivio
1197 862 1246 900 ad
1274 868 1388 911 caput

68 930 390 973 accommodanti,
421 941 539 978 quum
574 941 619 966 ea
658 928 811 979 saepius
851 935 1098 977 rumperetur,
1139 928 1179 964 P.
1219 927 1388 965 Licinius

68 993 205 1040 Varus,
237 993 352 1031 ‘Noli
382 992 531 1040 1nirari‚’
553 994 685 1043 inquit,
707 993 760 1030 ‘si
791 1004 870 1029 non
899 993 1099 1039 convenit;
1142 999 1257 1042 caput
1285 993 1387 1030 enim

68 1071 254 1107 magnum
275 1057 353 1096 est?

123 1124 170 1161 iii.
202 1123 359 1170 Titium,
382 1136 500 1174 quum
522 1123 692 1161 studiose
713 1122 789 1172 pila
808 1122 954 1160 luderet
973 1129 1010 1160 et
1030 1123 1132 1160 idem
1153 1123 1263 1171 signa
1283 1135 1389 1160 sacra

69 1196 185 1227 noctu
206 1188 379 1238 frangere
401 1195 605 1238 putaretur,
627 1188 890 1237 gregalesque,
906 1201 1024 1238 quum
1045 1189 1083 1225 in
1106 1200 1288 1237 campum
1309 1200 1388 1224 non

68 1254 244 1300 venisset,
265 1254 510 1304 requirerent,
543 1255 737 1292 excusavit
765 1253 898 1303 Vespa
924 1254 1140 1299 Terentius,
1165 1253 1271 1303 quod
1301 1265 1388 1290 eum

71 1324 78 1339 ‘
95 1319 294 1357 brachium
315 1319 474 1368 fregisse
490 1319 499 1334 '
516 1319 668 1357 diceret.

123 1385 168 1421 iv.
199 1384 361 1422 Crassus
391 1384 541 1421 cuidam
576 1384 640 1433 qui
678 1395 765 1420 eum
805 1389 969 1431 rogarat,
1008 1394 1100 1419 num
1139 1382 1173 1419 ei
1205 1382 1389 1419 molestus

70 1457 169 1487 essct
190 1449 348 1495 futurus,
370 1449 400 1486 si
422 1449 470 1486 acl
491 1461 577 1486 eum
598 1450 698 1486 bene
720 1454 806 1485 ante
828 1448 953 1485 lucem
973 1449 1149 1492 venisset,
1168 1447 1253 1484 ‘Tu
1275 1445 1388 1489 vcro‚’

70 1514 203 1564 inquit,
223 1519 230 1533 ‘
248 1515 433 1552 molestus
454 1526 532 1552 non
554 1514 649 1550 eris.’
686 1513 863 1550 ‘Iubebis
885 1513 996 1562 igitur
1016 1513 1074 1558 te‚'
1096 1512 1228 1562 inquit,
1246 1515 1254 1530 ⁵
1272 1512 1388 1549 susci-

70 1581 164 1618 tari?
182 1579 190 1593 ’
212 1586 249 1617 et
269 1580 339 1626 ille,
363 1583 371 1599 ‘
387 1579 497 1617 Certe
520 1591 702 1628 negaram
725 1585 760 1615 te
781 1578 987 1616 molestum
1008 1577 1201 1615 futurum.'

124 1657 157 1683 v.
187 1645 230 1682 L.
262 1644 420 1682 Porcius
448 1643 591 1681 Nasica
618 1643 766 1681 censori
789 1643 939 1688 Catoni,
968 1655 1088 1692 quum
1120 1643 1189 1688 ille,
1223 1642 1305 1679 ‘Ex
1338 1643 1389 1679 tui

70 1711 186 1749 animi
207 1710 396 1748 sententia
416 1716 455 1747 tu
475 1721 635 1746 uxorem
656 1708 774 1745 habes
790 1707 822 1744 ?’
854 1711 862 1727 ‘
879 1707 972 1745 Non
986 1706 1161 1754 hercule,¹
1178 1708 1310 1757 inquit,
1326 1711 1389 1745 ‘cx

69 1776 144 1813 mei
166 1775 283 1812 animi
304 1774 515 1812 sententia.'

123 1841 169 1877 vi.
201 1840 333 1886 Quum
355 1839 400 1877 C.
421 1838 597 1877 Fabricio
618 1838 658 1876 P.
676 1837 891 1884 Cornelius,
922 1837 1054 1884 homo,
1081 1844 1122 1875 ut
1150 1837 1389 1875 existimaba—

70 1915 140 1953 tur,
162 1918 297 1944 avarus
326 1911 364 1942 et
393 1904 513 1950 furax,
535 1905 603 1942 sed
631 1904 785 1952 egregie
815 1904 922 1941 sortis
951 1910 988 1941 et
1017 1904 1142 1940 bonus
1171 1903 1388 1952 imperator,

70 1972 211 2021 gratias
241 1977 384 2020 ageret,
415 1971 520 2020 quod
555 1983 594 2008 se
629 1970 750 2009 homo
786 1970 962 2007 inimicus
996 1969 1196 2006 consulem
1229 1969 1391 2014 fecisset,

70 2038 170 2075 bello
190 2036 413 2087 praesertim
433 2047 577 2085 magno
599 2042 635 2072 ct
655 2036 770 2084 gravi,
793 2034 914 2071 ‘Nihil
935 2042 1002 2080 est,
1020 2033 1123 2084 quod
1140 2033 1229 2070 mihi
1251 2034 1391 2083 gratias

72 2102 188 2152 agas,’
210 2102 342 2151 inquit,
365 2104 373 2119 ‘
391 2101 421 2138 si
442 2101 557 2138 malui
577 2100 775 2150 compilari
795 2112 912 2149 quam
932 2098 1083 2136 venire.'

126 2168 184 2204 vii.
217 2167 266 2213 Q.
297 2166 452 2205 Mucius
479 2166 663 2204 Scaevola
690 2165 957 2215 Septumuleio
985 2165 1205 2213 Anagnino,
1234 2164 1293 2201 cui
1321 2175 1391 2214 pro

73 2235 116 2272 C.
158 2233 323 2271 Gracchi
363 2233 486 2282 capite
516 2238 595 2269 erat
625 2243 758 2268 aurum
789 2243 1005 2280 repensum,
1037 2230 1185 2279 roganti
1216 2236 1255 2267 ut
1284 2242 1324 2266 sc
1354 2229 1391 2265 in

75 2300 205 2338 Asiam
237 2298 471 2347 praesectum
503 2298 667 2341 duceret,
691 2296 818 2342 ‘Quid
848 2296 911 2332 tibi
936 2295 1011 2340 viss
1040 2296 1171 2344 inquit,
1208 2295 1392 2332 ‘insanc?

76 2364 203 2401 'l'auta
224 2362 412 2400 malorum
434 2370 491 2400 cst
512 2362 713 2399 multitudo
736 2361 885 2405 civium,
907 2367 946 2397 ut
969 2361 1032 2397 tibi
1053 2373 1126 2411 ego
1154 2360 1226 2397 hoc
1256 2359 1393 2396 confir-

1402 397 1441 427 35

1410 1201 1447 1223 10

1411 1854 1424 1874 Ζ
1429 1854 1447 1873 0
