1629 2553
107 88 160 140 58
455 97 699 129 EXTRAOTS
729 99 864 129 FRoM
893 101 1072 132 cremo,

548 301 586 335 7.
625 297 658 333 A
694 297 792 334 [121ss
822 297 991 336 Foeman.

164 444 296 491 Quum
319 457 384 482 rex
416 444 581 495 Pyrrhus
602 444 747 495 populo
778 445 959 482 Romano
989 446 1128 484 bellum
1157 447 1254 485 ultro
1283 448 1425 485 intulis-

112 516 179 555 set,
201 521 397 558 quumque
419 509 466 548 de
487 511 646 559 imperio
674 518 865 548 certamen
892 517 992 547 esset
1012 523 1099 548 cum
1120 525 1209 561 rege
1235 524 1425 561 generoso

106 587 150 612 ac
180 581 350 624 potente,
381 575 544 625 perfuga
564 576 612 612 ab
642 587 689 613 eo
710 576 810 613 venit
838 576 876 612 in
898 582 1021 613 castra
1050 576 1211 614 Fabricii
1232 578 1341 627 eique
1368 583 1425 614 est

107 640 309 689 pollicitus,
341 640 370 677 si
400 640 615 690 praemium
645 641 715 678 sibi
745 641 948 690 posuisset,
979 652 1031 686 se,
1061 648 1100 679 ut
1130 641 1228 679 clam
1247 643 1422 687 venisset,

104 705 157 742 sic
188 704 285 741 clam
320 705 358 742 in
393 705 523 755 Pyrrhi
558 711 681 743 castra
709 706 916 743 rediturum
946 712 982 743 et
1015 718 1103 743 eum
1134 718 1282 744 veneno
1311 718 1455 751 neca-5

106 776 243 808 turum.
316 769 434 808 Hunc
464 770 660 808 Fabricius
690 771 950 808 reducendum
980 772 1121 809 curavit
1150 772 1197 809 ad
1227 772 1423 822 Pyrrhum,

107 835 220 885 idque
243 836 322 874 eius
343 835 484 874 factum
505 836 699 874 laudatum
721 848 743 874 a
763 843 895 874 senatu
917 843 984 874 est.

495 1000 536 1033 8.
575 995 610 1033 Α
645 995 809 1032 Murder
838 996 1046 1033 discovered.

160 1111 284 1148 Strato
335 1110 520 1157 medicus,
561 1122 690 1148 servus
740 1111 901 1154 Sassiae,
942 1111 1047 1149 domi
1087 1111 1227 1150 furtum
1265 1112 1351 1151 fecit
1388 1121 1425 1152 et

106 1177 267 1214 caedem
306 1176 507 1213 eiusmodi.
566 1176 697 1222 Quum
738 1184 836 1214 esset
873 1178 911 1214 in
946 1177 1104 1215 aedibus
1143 1178 1356 1223 armarium,
1388 1179 1425 1215 in

108 1254 185 1291 quo
217 1241 329 1279 sciret
358 1253 442 1278 esse
463 1252 711 1278 nummorum
741 1242 976 1291 aliquantum
1006 1248 1043 1279 et
1071 1242 1162 1284 auri,
1182 1249 1300 1280 noctu
1329 1243 1425 1281 duos

108 1318 315 1345 conservos
345 1306 580 1344 dormientes
611 1306 751 1344 occidit
779 1307 817 1344 in
847 1307 1111 1356 piscinamque
1141 1306 1296 1346 deiecit:
1344 1309 1426 1357 ipse

109 1372 258 1410 armarii
288 1371 450 1409 fundum
479 1372 649 1409 exsecuit
678 1378 714 1409 et
736 1371 830 1409 H.S.
854 1372 897 1418 cl,
921 1378 957 1409 et
986 1372 1065 1408 auri
1094 1372 1263 1422 quinque
1292 1373 1425 1422 pondo
1443 1388 1461 1419 5

107 1437 270 1482 abstulit,
306 1449 383 1474 uno
418 1449 465 1474 ex
499 1437 616 1474 servis
651 1449 771 1487 puero
805 1449 881 1475 non
916 1437 1051 1486 grandi
1080 1438 1250 1475 conscio.
1309 1438 1425 1476 Furto

106 1503 288 1552 postridie
327 1502 495 1551 cognito,
535 1502 662 1540 omnis
701 1503 867 1551 suspicio
900 1503 939 1538 in
978 1513 1045 1539 eos
1078 1514 1208 1539 servos
1241 1503 1306 1551 qui
1345 1514 1424 1540 non

108 1568 383 1617 comparebant
413 1568 738 1606 commovebatur.
796 1567 927 1613 Quum
958 1567 1126 1604 exsectio
1157 1567 1218 1604 illa
1249 1567 1355 1605 fundi
1386 1569 1423 1605 in

108 1633 270 1670 armario
291 1633 665 1679 animadverteretur,
686 1634 920 1682 quaerebant
932 1632 1108 1670 homines
1122 1644 1291 1681 quonam
1305 1633 1423 1670 modo

104 1699 181 1736 fieri
201 1699 397 1748 potuisset.
457 1697 626 1744 Quidam
647 1710 694 1735 ex
721 1698 853 1735 amicis
876 1697 1024 1736 Sassiae
1054 1698 1273 1735 recordatus
1294 1705 1361 1744 est,
1383 1710 1423 1736 se
1446 1711 1483 1733 ιο

106 1777 226 1815 nuper
246 1765 285 1801 in
306 1764 484 1801 auctione
514 1764 682 1814 quadani
704 1763 841 1801 vidisse
862 1763 901 1800 in
927 1764 1040 1801 rebus
1060 1763 1214 1800 minutis
1234 1763 1424 1801 aduncam

103 1843 150 1868 ex
179 1829 285 1867 omni
315 1835 422 1878 parte
452 1828 648 1866 dentatam
678 1834 715 1865 et
744 1835 956 1866 tortuosam
976 1827 1104 1865 venire
1134 1828 1327 1874 serrulam,
1349 1840 1424 1878 qua

104 1896 193 1933 illud
223 1895 393 1944 potuisse
429 1894 478 1931 ita
513 1893 777 1931 circumsecari
807 1893 1006 1930 videretur.
1064 1891 1124 1929 Ne
1151 1893 1291 1931 multa:
1339 1905 1423 1943 per-

103 1961 261 2010 quiritur
291 1972 313 1997 a
347 1959 611 1997 coactoribus:
661 1959 848 1996 invenitur
882 1971 928 1996 ea
959 1956 1100 1996 serrula
1129 1957 1177 1995 ad
1207 1958 1423 1996 Stratonem

103 2026 331 2076 pervenisse.
394 2025 483 2062 Hoc
530 2025 638 2062 initio
691 2024 920 2073 suspicionis
967 2029 1064 2069 orto,
1111 2030 1147 2061 et
1194 2030 1322 2073 aperte
1369 2024 1422 2060 in·
1446 2035 1482 2066 ¹5

106 2091 283 2128 simulato
315 2090 503 2135 Stratone,
539 2102 633 2139 puer
667 2089 726 2126 ille
760 2090 937 2127 conscius
972 2089 1183 2138 pertimuit:
1228 2101 1308 2125 rem
1341 2100 1424 2125 om-

102 2169 192 2194 nem
223 2156 402 2193 dominae
437 2155 638 2202 indicavit3
680 2154 856 2192 homines
891 2155 929 2191 in
965 2154 1110 2203 piscina
1139 2154 1281 2190 inventi
1311 2159 1423 2191 sunt:

103 2222 227 2259 Strato
258 2221 296 2257 in
317 2220 465 2258 vincula
496 2221 690 2257 coniectus
721 2226 787 2265 est,
810 2227 923 2268 atquc
954 2220 1067 2256 etiam
1089 2220 1127 2256 in
1158 2220 1313 2256 taberna
1342 2220 1423 2255 eius

103 2288 248 2324 mnnmi
284 2298 529 2336 nequaquam
565 2297 700 2322 omnes
735 2285 982 2334 reperiuntur.
1041 2284 1167 2322 Strato
1202 2285 1239 2320 in
1271 2296 1422 2321 crucem

101 2360 207 2390 actus
230 2359 297 2389 cst.
1447 2367 1485 2388 20
