1629 2553
139 101 195 140 66
487 110 729 143 EXTRACTS
759 112 895 144 FRoM
923 114 1103 150 CICERO.

142 204 187 242 iis
223 204 374 247 artibus,
408 216 503 255 quas
536 205 577 251 si,
613 205 705 244 dum
734 213 792 245 est
819 214 937 255 tener,
970 207 1206 255 combiberit,
1235 207 1285 247 ad
1313 209 1458 248 maiora

140 269 264 307 veniet
283 269 472 318 paratior.'

193 338 203 355 ‘
217 334 302 372 Sic:
333 341 370 372 et
391 334 546 384 quidem
567 335 784 386 diligentius
805 338 1031 388 saepiusque
1052 338 1123 376 ista
1142 337 1344 388 loquemur
1362 340 1457 377 inter

142 412 226 446 nos,
248 412 484 449 agemusque
506 401 784 440 communiter.'

192 465 291 503 ‘Sed
311 466 568 512 resideamus,'
591 466 723 516 inquit,
746 471 755 487 ‘
769 467 799 504 si
820 466 966 516 placet.'
1023 468 1157 517 Itaque
1177 467 1348 506 fecimus.
1473 481 1514 510 40

497 591 561 626 14.
611 587 783 626 Varz‘elz'es
811 589 859 638 eff
881 588 1096 627 character.

188 674 486 723 Intelligendum
506 681 563 712 est
584 674 732 713 duabus
759 677 867 724 quasi
888 689 959 715 nos
990 690 1012 715 a
1031 684 1165 715 natura
1191 677 1347 715 indutos
1368 689 1453 716 esse

135 740 321 788 personis,
342 752 503 789 quarum
524 753 600 777 una
620 741 837 780 communis
858 749 926 789 est,
947 755 994 779 ex
1019 755 1066 780 eo
1087 742 1193 792 quod
1213 755 1349 780 omnes
1369 755 1453 792 par-

134 804 267 854 ticipes
288 817 419 843 sumus
439 806 606 849 rationis,
628 807 958 856 praestantiaeque
985 808 1078 853 eius,
1100 820 1174 857 qua
1194 808 1454 845 antecellimus

136 871 279 917 bestiis,
301 871 419 908 altera
447 878 586 917 autem,
612 883 709 920 quae
738 872 892 922 proprie
922 873 1080 922 singulis
1109 880 1167 910 est
1195 873 1344 910 tributa.
1401 873 1454 911 Ut

139 937 242 974 enim
264 937 302 974 in
322 938 547 986 corporibus
567 949 730 986 magnae
755 938 1079 976 dissimilitudines
1100 945 1186 976 sunt
1204 953 1210 976 :
1242 938 1336 976 alios
1351 938 1453 976 vide·
1471 952 1488 983 5

136 1014 222 1040 mus
242 1002 439 1040 velocitate
460 1003 508 1040 ad
529 1014 694 1049 cursum,
716 1003 809 1040 alios
829 1003 968 1041 viribus
988 1003 1037 1040 ad
1063 1003 1286 1041 luctandum
1306 1003 1453 1042 valere:

132 1068 301 1117 itemque
331 1068 369 1104 in
399 1067 533 1105 formis
563 1068 644 1105 aliis
674 1067 898 1117 dignitatem
928 1069 1065 1111 inesse,
1088 1069 1168 1106 aliis
1194 1076 1452 1107 venustatem:

132 1133 184 1170 sic
225 1133 264 1169 in
303 1133 439 1170 animis
472 1133 640 1170 existunt
672 1134 838 1171 maiores
872 1134 987 1171 etiam
1020 1134 1229 1171 varietates.
1286 1133 1378 1171 Erat
1415 1134 1452 1171 in

134 1197 177 1235 L.
200 1197 354 1243 Crasso,
376 1198 413 1235 in
434 1197 478 1235 L.
502 1198 679 1248 Philippo
700 1199 841 1236 multus
861 1199 991 1248 lepos;
1026 1200 1148 1237 maior
1169 1199 1293 1245 etiam,
1314 1199 1453 1248 magis—

131 1275 204 1312 que
228 1263 274 1301 de
297 1263 488 1309 industria,
510 1264 549 1300 in
571 1263 614 1301 C.
637 1263 813 1310 Caesare,
834 1264 877 1302 L.
900 1264 942 1302 F.
990 1265 1042 1302 At
1062 1265 1197 1302 iisdem
1217 1265 1454 1314 temporibus
1474 1276 1510 1297 10

129 1328 167 1365 in
190 1328 244 1366 M.
264 1328 408 1366 Scauro
429 1335 466 1366 et
486 1330 524 1366 in
545 1328 600 1366 M.
617 1329 747 1367 Druso
768 1330 1012 1367 adolescente
1033 1329 1232 1379 singularis
1254 1329 1452 1376 severitas;

129 1393 167 1429 in
189 1393 232 1431 C.
251 1394 382 1432 Laelio
398 1394 516 1431 multa
532 1394 719 1441 hilaritas;
759 1395 796 1431 in
813 1395 893 1432 eius
910 1394 1083 1432 familiari
1101 1394 1279 1443 Scipione
1295 1394 1452 1431 ambitio

129 1460 260 1505 maior,
282 1460 356 1496 vita
385 1460 534 1498 tristior.
593 1459 653 1496 De
675 1459 833 1497 Graecis
863 1466 1002 1504 autem,
1025 1459 1176 1496 dulcem
1206 1466 1243 1496 et
1272 1458 1450 1505 facetum,

130 1523 325 1575 festivique
365 1525 564 1570 sermonis,
604 1532 718 1574 atque
756 1525 793 1561 in
832 1526 937 1562 omni
973 1525 1143 1563 oratione
1178 1524 1449 1570 simulatorem,

131 1603 246 1639 quem
288 1591 405 1638 εἴρωνα
445 1589 584 1628 Graeci
623 1590 930 1636 nominaverunt,
971 1590 1170 1628 Socratem
1207 1589 1449 1638 accepimus:
1471 1607 1504 1638 ¹5

130 1663 263 1693 contra
283 1655 541 1705 Pythagoram
572 1661 608 1692 et
629 1655 813 1693 Periclem
843 1667 1034 1692 summam
1063 1655 1329 1693 auctoritatem
1358 1666 1449 1692 con-

128 1728 280 1760 secutos
311 1722 393 1759 sine
422 1721 496 1757 ulla
525 1720 720 1757 hilaritate.
780 1719 968 1757 Callidum
999 1720 1261 1757 Hannibalem
1286 1732 1332 1757 ex
1353 1719 1449 1758 Poe-

126 1799 277 1834 norum,
312 1800 358 1824 ex
395 1787 534 1824 nostris
569 1786 729 1824 ducibus
760 1785 808 1832 Q.
841 1786 1057 1823 Maximum
1092 1787 1311 1836 accepimus
1340 1786 1449 1825 facile

127 1852 261 1898 celare,
283 1859 418 1898 tacere,
442 1852 690 1896 dissimulare,
713 1851 892 1896 insidiari,
915 1852 1135 1900 praecipere
1162 1851 1329 1889 hostium
1355 1864 1447 1888 con-

128 1918 218 1956 silia.
278 1918 325 1955 In
361 1930 437 1967 quo
477 1930 617 1966 genere
654 1916 791 1954 Graeci
829 1916 1133 1954 Themistoclem
1167 1924 1203 1954 et
1236 1916 1447 1954 Pheraeum
1467 1936 1505 1957 20

128 1983 307 2021 Iasonem
330 1984 463 2022 ceteris
491 1990 751 2032 anteponunt:
787 1984 824 2020 in
846 1983 1054 2032 primisque
1075 1989 1266 2020 versutum
1293 1990 1328 2019 et
1349 1982 1446 2019 calli-

129 2050 220 2086 dum
242 2050 383 2087 sactum
407 2050 571 2095 Solonis,
594 2049 669 2098 qui,
692 2061 769 2098 quo
791 2056 827 2086 et
848 2049 961 2086 tutior
980 2049 1054 2085 vita
1075 2048 1154 2085 eius
1175 2055 1285 2092 esset,
1307 2054 1343 2084 et
1364 2047 1446 2096 plus

127 2115 321 2164 aliquanto
343 2115 573 2165 reipublicae
590 2115 801 2163 prodesset,
818 2113 938 2151 furere
960 2126 999 2151 se
1017 2113 1212 2151 simulavit.
1274 2112 1370 2149 Sunt
1389 2112 1447 2149 his

128 2181 187 2218 alii
209 2181 371 2218 multum
393 2181 575 2230 dispares,
598 2179 789 2228 simplices
812 2186 847 2217 et
869 2180 998 2228 aperti,
1021 2179 1084 2228 qui
1105 2178 1196 2215 nihil
1218 2190 1263 2215 ex
1284 2177 1447 2223 occulto,

125 2246 218 2283 nihil
249 2246 394 2283 insidiis
425 2247 619 2295 agendum
648 2252 795 2294 putant,
817 2245 981 2282 veritatis
1011 2245 1184 2289 cultores,
1210 2243 1350 2279 fraudis
1380 2242 1448 2279 ini·
1468 2260 1502 2292 ²5

129 2312 241 2358 mici;
273 2312 440 2361 itemque
463 2311 534 2357 alii,
552 2312 615 2361 qui
637 2310 783 2360 quidvis
801 2311 1068 2360 perpetiantur,
1086 2309 1202 2347 cuivis
1223 2308 1447 2353 deserviant,

129 2378 231 2421 dum,
255 2377 358 2427 quod
388 2377 512 2421 velint,
545 2384 853 2425 consequantur:
893 2385 933 2413 ut
965 2375 1106 2413 Sullam
1128 2381 1164 2411 et
1190 2373 1243 2411 M.
1266 2372 1447 2410 Crassum
