1629 2553
561 108 733 140 ROMAN
760 107 1045 140 ANECDOTES.
1408 95 1458 150 83

139 201 255 248 deos‚’
275 202 408 251 inquit,
431 201 556 239 ‘hunc
575 201 852 250 examplex‘are.
892 200 1083 237 Dominus
1103 205 1183 245 est;
1215 198 1300 235 vicit
1321 197 1382 234 hic
1403 203 1451 241 te,

137 267 244 303 vince
269 272 309 304 tu
337 279 441 304 nunc
469 265 662 304 animum!
720 265 824 303 ‘Cur
851 277 930 303 non
960 264 1124 310 desinis,'
1156 263 1290 312 inquit,
1323 266 1454 307 ‘uxor‚

137 330 254 380 loqui,
274 343 373 381 quae
392 343 454 368 me
474 331 592 380 digna
610 342 689 368 non
710 331 826 368 sunt?
854 335 951 372 tace,
980 335 1017 366 et
1043 340 1141 378 quae
1166 326 1338 365 curanda
1369 332 1459 364 sunt

87 412 127 444 30
141 407 241 433 cura.
298 395 361 433 Tu
381 408 521 441 cessas,
538 396 630 432 mihi
651 396 777 441 vitam,
794 395 859 432 tibi
880 406 1037 432 omnem
1057 394 1156 431 bene
1176 392 1326 429 vivendi
1347 403 1458 440 spem

139 472 226 498 mea
245 467 368 498 morte
388 461 559 510 eripere?
575 460 584 475 '
643 460 719 497 Iste
742 460 940 497 mulierem
961 459 1095 508 repulit
1114 459 1162 495 ab
1183 470 1222 495 se
1243 457 1459 494 lamentan-

140 530 216 561 tem
233 537 242 571 ;
272 525 320 562 illi
341 527 471 563 nescio
492 525 584 574 quid
604 524 797 574 incipienti
819 524 955 569 dicere,
976 524 1082 573 quod
1103 523 1263 572 dignum
1281 521 1460 558 videlicet

140 590 235 628 illius
255 591 387 629 virtute
407 596 518 637 esset,
538 591 708 639 gladium
728 590 767 627 in
788 590 902 628 latere
923 589 1065 628 defixit.

497 759 570 793 30.
612 753 815 792 Characler
843 754 893 804 of
914 754 1101 791 Lucullus.

191 857 381 907 Magnum
415 858 612 907 ingenium
646 857 690 896 L.
725 858 886 904 Luculli,
922 869 1186 907 magnumque
1225 857 1462 906 optimarum

136 923 272 961 artium
302 923 480 969 studium,
500 929 581 960 tum
611 924 739 961 omnis
768 923 931 961 liberalis
955 930 992 960 et
1017 923 1134 971 digna
1158 922 1319 960 homine
1344 922 1462 959 nobili

135 989 185 1025 ab
214 1000 261 1026 eo
289 995 471 1037 percepta
500 988 684 1033 doctrina,
707 989 844 1038 quibus
872 988 1113 1038 temporibus
1143 987 1280 1025 florere
1310 988 1349 1024 in
1378 987 1462 1024 foro

136 1053 302 1091 maxime
331 1054 465 1102 potuit,
496 1053 614 1091 caruit
643 1053 806 1091 omnino
844 1054 958 1090 rebus
997 1053 1166 1090 urbanis.
1251 1051 1305 1089 Ut
1345 1053 1461 1098 enim,

99 1135 118 1169 5
137 1119 348 1158 admodum
378 1119 613 1165 adolescens,
646 1131 735 1156 cum
770 1118 893 1165 fratre,
929 1119 1010 1168 pari
1040 1118 1180 1167 pietate
1211 1124 1248 1156 et
1277 1117 1463 1155 industria

140 1183 322 1235 praedito,
358 1190 535 1233 paternas
570 1184 788 1221 inimicitias
826 1196 970 1233 magna
1009 1195 1096 1221 cum
1131 1183 1254 1232 gloria
1283 1190 1340 1220 est
1377 1195 1463 1232 per-

139 1255 303 1293 secutus,
333 1248 372 1285 in
400 1249 536 1286 Asiam
564 1255 744 1297 quaestor
777 1248 983 1297 profectus,
1013 1248 1065 1285 ibi
1097 1247 1309 1297 permultos
1341 1259 1463 1286 annos

138 1313 351 1351 admirabili
371 1313 539 1362 quadam
559 1313 671 1350 laude
692 1313 913 1361 provinciae
933 1312 1097 1362 praefuit
1117 1326 1126 1350 :
1157 1312 1295 1350 deinde
1322 1314 1462 1351 absens

139 1378 260 1416 factus
289 1377 431 1424 aedilis,
461 1378 646 1415 continuo
672 1385 850 1427 praetor:
879 1378 1018 1416 licebat
1044 1378 1148 1415 enim
1178 1378 1339 1416 celerius
1367 1378 1462 1426 legis

81 1458 121 1483 ιο
138 1444 332 1494 praemio:
370 1450 459 1493 post
485 1444 524 1481 in
545 1443 743 1481 Africam:
782 1443 874 1482 inde
898 1444 948 1481 ad
972 1444 1240 1482 consulatum:
1271 1455 1388 1493 quem
1413 1444 1462 1482 ita

138 1510 255 1559 gessit
282 1515 324 1547 ut
361 1509 599 1558 diligentiam
637 1509 914 1546 admirarentur
954 1521 1101 1555 omnes,
1128 1510 1328 1559 ingenium
1369 1521 1462 1559 cog-

137 1581 351 1612 noscerent.
411 1574 505 1612 Post
533 1573 582 1611 ad
612 1573 914 1611 Mithridaticum
940 1574 1083 1611 bellum
1108 1574 1249 1612 missus
1277 1587 1300 1612 a
1329 1582 1462 1612 senatu

137 1651 218 1677 non
256 1639 376 1677 modo
411 1639 636 1688 opinionem
675 1639 762 1676 vicit
795 1639 971 1676 omnium
1003 1651 1101 1688 quae
1134 1639 1182 1676 de
1217 1640 1350 1677 virtute
1383 1640 1462 1677 eius

138 1711 227 1751 erat,
250 1705 318 1742 sed
345 1704 459 1742 etiam
483 1704 645 1753 gloriam
676 1705 929 1754 superiorum.
987 1704 1109 1753 quue
1138 1716 1186 1742 eo
1213 1704 1283 1742 fuit
1310 1706 1462 1742 mirabi-

82 1772 220 1818 151ius‚
249 1770 355 1820 quod
389 1771 437 1807 ab
469 1782 516 1808 eo
551 1770 632 1808 laus
667 1771 911 1819 imperatoria
945 1782 1026 1808 non
1058 1770 1270 1808 admodum
1303 1783 1462 1820 exspec-

137 1837 296 1882 tabatur,
340 1836 404 1885 qui
447 1835 747 1873 adolescentiam
791 1835 830 1872 in
873 1835 1019 1873 forensi
1063 1847 1192 1884 opera,
1237 1842 1462 1886 quaesturae

137 1901 357 1939 diuturnum
395 1908 557 1950 tempus,
591 1900 758 1938 Murena
796 1901 938 1938 bellum
977 1902 1016 1938 in
1055 1901 1182 1938 Ponto
1221 1909 1389 1950 gerente,
1424 1903 1462 1939 in

136 1966 253 2004 Asiae
272 1978 368 2015 pace
388 1972 691 2015 consumpserat.
753 1966 828 2003 Sed
847 1966 1080 2004 incredibilis
1101 1966 1294 2015 quaedam
1320 1967 1462 2016 ingenii

135 2031 364 2080 magnitudo
412 2043 493 2068 non
542 2031 769 2069 desideravit
814 2032 1022 2070 indocilem
1069 2044 1162 2069 usus
1210 2032 1461 2082 disciplinam.

79 2109 119 2132 20
136 2096 270 2145 Itaque
309 2108 429 2145 quum
473 2102 595 2133 totum
639 2097 710 2134 iter
751 2104 788 2134 et
827 2098 1111 2146 navigationem
1159 2098 1462 2146 consumpsisset

137 2161 275 2210 partim
314 2161 352 2198 in
393 2161 658 2210 percontando
699 2173 721 2198 a
758 2163 898 2211 peritis,
938 2163 1076 2212 partim
1114 2163 1153 2199 in
1193 2162 1306 2200 rebus
1344 2163 1462 2211 gestis

136 2225 318 2275 legendis,
338 2226 378 2263 in
398 2226 533 2263 Asiam
555 2226 674 2264 factus
696 2226 904 2276 imperator
924 2228 1037 2273 venit,
1059 2240 1179 2277 quum
1205 2234 1306 2265 esset
1335 2228 1464 2267 Roma

136 2290 330 2341 profectus
350 2291 404 2328 rei
424 2291 594 2329 militaris
615 2292 728 2329 rudis.
770 2291 916 2329 Habuit
938 2293 1040 2329 enim
1064 2293 1230 2330 divinam
1251 2294 1461 2342 quamdam

135 2357 360 2394 memoriam
399 2369 536 2403 rerum,
574 2357 777 2395 verborum
816 2359 1000 2396 maiorem
1040 2357 1285 2397 Hortensius,
1371 2358 1460 2405 Sed,

770 2436 793 2462 G
818 2437 836 2462 2
