1629 2553
132 116 178 143 10
475 109 718 142 EXTRACTS
747 109 882 140 FROM
911 108 1088 139 CICERO.

125 211 164 241 ut
183 205 336 242 vulnera
355 205 553 253 excipiant,
570 203 693 241 nullos
714 203 890 252 impetus,
907 202 1030 239 nullos
1050 201 1146 238 ictus
1166 196 1434 236 reformident?

125 270 271 307 Omitto
301 281 399 319 quae
428 269 618 318 perferant
646 280 820 318 quaeque
849 267 1038 316 patiantur
1060 263 1252 302 ambitiosi
1279 260 1435 300 honoris

125 347 249 380 causa,
265 334 387 371 laudis
408 334 566 372 studiosi
581 333 723 383 gloriae
743 333 874 382 gratia,
890 343 1020 369 amore
1041 329 1185 368 incensi
1205 326 1434 377 cupiditatis.

125 400 241 437 Plena
259 399 334 436 vita
353 398 617 448 exemplorum
638 405 706 437 est.

475 551 539 585 15.
582 547 657 584 The
696 547 805 584 Value
832 546 881 596 (gf
900 546 1079 595 sllemory.

180 657 294 708 Apud
315 656 485 695 Graecos
506 657 621 694 fertur
639 657 846 695 incredibili
868 658 1034 707 quadam
1055 655 1318 706 magnitudine
1345 666 1439 693 con-

128 724 196 761 silii
224 729 336 772 atque
365 722 509 771 ingenii
537 722 782 759 Atheniensis
808 722 868 759 ille
903 721 1018 759 fuisse
1051 721 1359 767 Themistocles;
1390 718 1439 756 ad

127 800 242 838 quern
263 787 418 837 quidam
447 787 581 825 doctus
608 787 727 824 homo
758 793 871 836 atque
898 787 937 823 in
961 787 1092 835 primis
1119 786 1286 823 eruditus
1312 796 1438 822 acces-

128 854 220 891 sisse
240 852 383 898 dicitur,
406 851 515 900 eique
535 858 654 889 artem
680 851 899 897 memoriae,
925 863 1023 900 quae
1052 858 1132 888 turn
1160 851 1326 899 primum
1352 861 1440 898 pro-

128 918 327 962 ferebatur,
347 916 535 966 pollicitus
556 929 641 954 esse
662 929 701 954 se
721 916 967 963 traditurum;
998 928 1119 966 quum
1143 916 1203 953 ille
1230 914 1440 964 quaesisset
1459 928 1476 960 5

129 983 311 1033 quidnam
340 982 401 1018 illa
429 994 488 1019 ars
518 981 665 1019 efficere
694 987 837 1030 posset,
867 981 1008 1019 dixisse
1037 981 1141 1018 illum
1171 980 1380 1026 doctorem,
1401 985 1443 1016 ut

129 1049 260 1088 onmia
279 1047 536 1093 meminisset3
575 1053 611 1084 et
635 1047 668 1084 ei
692 1046 996 1084 Themistoclem
1026 1045 1279 1095 respondisse,
1300 1045 1442 1094 gratius

130 1115 199 1153 sibi
220 1114 323 1151 illum
344 1124 428 1150 esse
457 1111 655 1158 facturum,
676 1111 707 1150 si
737 1123 777 1150 se
807 1111 978 1149 oblivisci
1007 1123 1106 1161 quae
1125 1111 1245 1155 vellet,
1267 1122 1382 1161 quam
1412 1109 1441 1147 si

130 1179 350 1218 meminisse
370 1177 576 1215 docuisset.

469 1334 533 1369 16.
577 1329 616 1367 T
609 1330 652 1368 lle
682 1328 806 1367 Secrel
829 1330 876 1380 (ff
895 1328 1109 1378 Eloquence.

185 1443 296 1481 Actio
317 1442 355 1479 in
377 1440 540 1480 dicendo
561 1453 637 1478 una
657 1440 883 1478 dominatur.
925 1440 1015 1477 Sine
1035 1439 1107 1478 hac
1127 1451 1299 1477 summus
1319 1445 1447 1477 orator

134 1522 215 1548 esse
236 1509 274 1545 in
294 1519 455 1544 numero
485 1506 590 1544 nullo
619 1512 756 1555 potest,
778 1505 982 1543 mediocris
1011 1504 1083 1542 hac
1112 1505 1314 1542 instructus
1344 1516 1446 1541 sum-

132 1586 218 1612 mos
248 1585 362 1622 saepe
393 1584 583 1621 superare.
651 1570 754 1608 Huic
792 1571 934 1620 primas
975 1569 1125 1607 dedisse
1163 1569 1447 1607 Demosthenes

133 1639 277 1684 dicitur,
325 1649 444 1686 quum
490 1642 686 1685 rogaretur
724 1635 814 1685 quid
852 1635 891 1672 in
931 1634 1095 1672 dicendo
1135 1640 1233 1671 esset
1270 1634 1447 1682 primum,

133 1704 219 1741 huic
241 1702 438 1748 secundas,
458 1700 546 1738 huic
566 1701 703 1739 tertias.
762 1699 853 1746 Quo
881 1699 973 1737 mihi
1002 1699 1137 1736 melius
1157 1699 1269 1736 etiam
1290 1699 1378 1736 illud
1400 1700 1448 1736 ab
1467 1709 1484 1741 5

133 1768 326 1806 Aeschine
346 1767 489 1804 dictum
509 1765 626 1803 videri
647 1765 754 1811 solet,
777 1765 852 1814 quI,
874 1777 992 1814 quum
1013 1770 1168 1813 propter
1196 1763 1448 1812 ignominiam

133 1833 259 1871 iudicii
279 1831 455 1870 cessisset
475 1830 637 1868 Athenis
658 1837 693 1868 et
718 1842 757 1867 se
783 1829 968 1867 Rhodum
994 1829 1229 1875 contulisset,
1251 1835 1407 1877 rogatus
1427 1840 1449 1865 a

134 1897 305 1943 Rhodiis,
340 1896 477 1945 legisse
511 1895 626 1933 fertur
655 1895 869 1933 orationem
900 1895 1002 1932 illam
1037 1894 1229 1943 egregiam
1261 1905 1376 1943 quam
1410 1893 1448 1930 in

134 1962 425 2011 Ctesiphontem
454 1966 587 1998 contra
620 1960 927 1998 Demosthenem
961 1960 1128 2005 dixerat;
1164 1971 1240 2008 qua
1272 1957 1447 2007 perlecta,

134 2029 293 2079 petitum
314 2034 372 2065 est
393 2028 441 2064 ab
463 2039 510 2064 eo
537 2026 720 2076 postridie
744 2032 784 2063 ut
809 2025 951 2075 legeret
978 2025 1079 2062 illam
1106 2025 1218 2061 etiam
1246 2035 1343 2073 quae
1370 2030 1449 2061 erat
1471 2038 1509 2060 10

135 2103 267 2134 contra
295 2107 317 2133 a
345 2094 610 2132 Demosthene
639 2105 710 2143 pro
741 2092 990 2142 Ctesiphonte
1021 2092 1146 2129 edita:
1186 2103 1301 2140 quarn
1330 2102 1448 2140 quum

134 2161 354 2201 suavissima
381 2167 417 2198 et
444 2161 613 2198 maxima
632 2171 726 2197 voce
757 2158 920 2207 legisset,
946 2157 1220 2196 admirantibus
1254 2156 1446 2200 omnibus,

136 2232 143 2247 ¹
161 2225 342 2273 Quanto,’
363 2226 494 2275 inquit,
519 2224 663 2273 ‘magis
684 2223 974 2269 admiraremini,
998 2223 1027 2260 si
1048 2221 1245 2259 audissetis
1274 2221 1400 2270 ipsum
1418 2221 1425 2256 ἔ
1440 2219 1448 2234 '

135 2293 194 2329 Ex
215 2303 292 2341 quo
312 2291 401 2329 satis
421 2290 656 2339 significavit,
675 2295 860 2339 quantum
881 2294 981 2326 esset
1000 2287 1038 2325 in
1059 2287 1218 2332 actione,
1234 2286 1297 2335 qui
1311 2285 1450 2323 oratio-

135 2370 224 2395 nem
244 2356 420 2394 eamdem
442 2356 552 2393 aliam
574 2367 657 2392 esse
678 2360 835 2404 putaret,
858 2360 984 2391 actore
1006 2358 1163 2389 mutato.
1472 2359 1483 2382 ι
1492 2359 1509 2391 5
