1629 2553
593 90 752 121 GREEK
784 89 1071 121 ANECDOTES.
1432 93 1484 136 29

108 191 144 222 ²5
171 184 221 221 illi
243 183 333 221 nihil
354 184 444 222 satis
468 196 654 234 umquam
683 183 787 221 sore:
818 196 857 222 se
885 183 964 221 eius
991 182 1205 232 voluptates
1228 194 1308 220 non
1338 182 1485 220 deside-

170 261 263 294 rare,
285 250 422 298 quibus
442 261 653 299 numquam
675 249 799 287 satiari
820 249 879 286 ille
899 255 1054 298 posset;
1085 260 1172 287 suas
1193 260 1282 286 eum
1302 248 1485 297 consequi

169 313 273 351 nullo
293 313 412 352 modo
432 326 558 363 posse.

601 461 670 495 30.
706 456 829 507 Legal
858 456 1056 503 Queslt‘ons.

223 574 357 620 Quum
378 573 698 611 Lacedaemoniis
719 573 778 610 lex
799 580 911 619 esset,
932 580 983 619 ut,
1005 573 1147 611 hostias
1174 574 1244 611 nisi
1275 573 1322 611 ad
1350 573 1489 611 sacrifi-

170 640 270 677 cium
291 639 487 689 quoddam
508 639 725 688 redemptor
746 639 992 688 praebuisset,
1011 639 1171 689 capitale
1192 646 1315 677 esset:
1345 639 1490 677 hostias

170 704 201 742 is
229 705 293 754 qui
319 704 542 749 redemerat,
567 716 685 753 quum
717 704 889 741 sacrificii
920 705 1001 742 dies
1028 705 1195 751 instaret,
1221 705 1258 741 in
1282 706 1416 742 urbem
1443 717 1489 742 ex

170 782 263 819 agro
304 770 430 818 coepit
467 781 591 818 agere.
649 768 764 815 Tum,
805 769 930 807 subito
965 770 1113 819 magnis
1154 770 1359 808 commotis
1398 777 1491 808 tem-

133 852 150 884 5
170 835 380 884 pestatibus
418 834 554 872 fluvius
592 833 756 872 Eurotas
790 834 832 880 is,
868 834 931 884 qui
964 842 1121 884 propter
1154 834 1490 873 Lacedaemonem

170 900 262 946 fluit,
296 901 348 937 ita
385 912 549 949 magnus
589 907 626 937 et
664 899 873 937 vehemens
912 899 1035 938 factus
1074 907 1141 946 est,
1181 909 1221 938 ut
1261 913 1307 938 eo
1346 902 1489 938 traduci

170 964 344 1002 victimae
371 964 476 1001 nullo
509 963 628 1001 modo
655 971 827 1013 possent.
888 964 1128 1015 Redemptor
1163 977 1253 1003 suae
1288 966 1492 1004 voluntatis

171 1031 434 1068 ostendendae
469 1043 585 1068 causa
623 1030 767 1068 hostias
806 1031 1000 1068 constituit
1039 1043 1177 1069 omnes
1215 1032 1254 1069 in
1285 1032 1404 1078 litore,
1439 1040 1491 1078 ut,

172 1097 236 1147 qui
271 1104 374 1134 trans
409 1096 553 1134 flumen
597 1103 736 1142 essent,
776 1097 903 1134 videre
935 1105 1106 1146 possent.
1183 1097 1316 1144 Quum
1355 1110 1493 1136 omnes

117 1177 155 1200 10
173 1163 300 1201 studio
331 1163 411 1201 eius
451 1163 614 1200 subitam
653 1162 822 1200 fluminis
860 1163 1165 1212 magnitudinem
1206 1165 1344 1202 scirent
1377 1165 1493 1203 fuisse

173 1228 462 1278 impedimento,
498 1234 629 1265 tamen
657 1228 812 1278 quidam
843 1228 977 1277 eapitis
1003 1230 1264 1267 arcessierunt.
1323 1229 1491 1268 Intentio

174 1299 250 1331 est:
301 1293 498 1339 ‘Hostiae,
538 1305 634 1342 quas
669 1293 832 1331 debuisti
867 1293 915 1331 ad
951 1294 1189 1340 sacrificium,
1225 1302 1378 1344 praesto
1412 1309 1492 1334 non

173 1358 347 1396 suerunt.'
405 1358 592 1408 Depulsio
623 1365 681 1396 est
714 1359 927 1396 concessio.
988 1359 1125 1397 Ratio:
1170 1360 1355 1398 ‘Flumen
1389 1362 1492 1399 enim

174 1424 299 1461 subito
326 1424 489 1462 accrevit
516 1430 553 1461 et
577 1436 622 1461 ea
645 1436 684 1462 re
710 1423 854 1461 traduci
882 1436 961 1461 non
991 1424 1220 1473 potuerunt.y
1279 1425 1492 1465 Infirmatio

120 1507 154 1537 ¹5
175 1496 252 1528 est:
303 1490 490 1536 ‘Tamen,
522 1489 718 1539 quoniam,
745 1489 850 1539 quod
884 1489 944 1527 lex
972 1490 1087 1535 iubet,
1123 1489 1263 1528 sactum
1304 1504 1384 1529 non
1423 1500 1491 1534 est,

175 1555 362 1605 supplicio
383 1556 522 1605 dignus
544 1555 607 1593 es.¹
666 1556 852 1593 iudicatio
874 1562 951 1593 est:
984 1555 1139 1602 ‘Quum
1163 1557 1201 1593 in
1226 1570 1270 1594 ea
1297 1570 1335 1595 re
1361 1565 1495 1597 contra

174 1620 299 1670 legem
319 1621 538 1671 redemptor
558 1620 697 1667 fecerit,
720 1633 796 1670 qua
816 1621 854 1658 in
874 1634 913 1658 re
936 1622 1063 1659 studio
1083 1622 1164 1660 eius
1185 1623 1308 1661 subita
1329 1624 1494 1663 fluminis

176 1686 361 1724 obstiterit
380 1686 620 1735 magnitudo,
643 1687 882 1736 supplicione
904 1688 1042 1737 dignus
1063 1688 1145 1725 est?
1163 1688 1170 1702 '

231 1751 486 1789 Necessitudo
507 1759 634 1790 autern
656 1752 823 1799 infertur,
845 1765 963 1802 quum
984 1754 1018 1790 vi
1039 1754 1205 1804 quadam
1225 1767 1312 1793 reus
1333 1756 1369 1794 id
1391 1757 1496 1806 quod

121 1836 159 1857 20
178 1818 307 1856 fecerit
327 1817 461 1856 fecisse
483 1817 708 1865 defenditur,
729 1818 803 1856 hoc
823 1819 966 1857 modo:
1006 1818 1088 1857 Lex
1109 1827 1165 1858 est
1183 1822 1286 1870 apud
1307 1821 1495 1867 Rhodios,

178 1890 229 1928 ut,
251 1884 282 1921 si
303 1895 379 1934 qua
399 1890 559 1921 rostrata
579 1884 617 1921 in
644 1891 756 1933 portu
785 1885 892 1922 navis
921 1884 1161 1934 deprehensa
1188 1887 1244 1933 sit,
1272 1888 1495 1936 publicetur.

179 1950 312 1996 Quum
335 1961 478 1999 magna
508 1950 546 1986 in
578 1949 654 1987 alto
685 1957 894 1999 tempestas
925 1957 1035 1997 esset,
1057 1952 1111 1988 vis
1142 1958 1343 1990 ventorum
1375 1954 1498 1991 invitis

179 2016 303 2053 nautis
323 2014 565 2052 Rhodiorum
586 2015 624 2052 in
640 2023 793 2064 portum
813 2016 939 2053 navim
961 2018 1096 2066 coegit.
1155 2017 1347 2064 Quaestor
1373 2021 1499 2059 navim

183 2081 315 2131 populi
353 2086 475 2118 vocat.
533 2079 650 2119 Navis
693 2081 873 2119 dominus
918 2090 1032 2131 negat
1080 2091 1258 2133 oportere
1303 2086 1497 2135 publicari.

120 2160 158 2191 25
181 2147 350 2184 Intentio
385 2153 469 2184 est:
516 2146 719 2184 ‘Rostrata
761 2147 866 2185 navis
907 2148 946 2185 in
986 2156 1098 2198 portu
1140 2150 1380 2199 deprehensa
1420 2150 1500 2190 est.’

183 2211 381 2263 Depulsio‚
414 2213 628 2251 concessio.
687 2212 824 2251 Ratio:
869 2213 942 2250 ‘Vi
973 2221 1011 2251 et
1044 2216 1263 2253 necessario
1297 2229 1430 2254 sumus
1464 2218 1500 2254 in

182 2286 336 2328 portum
352 2277 497 2316 coacti.’
526 2278 739 2316 Infirmatio
760 2285 833 2317 est:
863 2282 872 2298 ‘
889 2278 1028 2318 Navim
1048 2293 1095 2318 ex
1116 2281 1200 2330 lege
1220 2288 1349 2320 tamen
1369 2283 1505 2333 populi

183 2357 266 2382 esse
298 2344 471 2395 oportet.'
529 2344 716 2382 Iudicatio
743 2352 824 2382 est:
885 2344 1039 2391 ‘Quum
1072 2354 1273 2384 rostratam
1306 2350 1433 2386 navim
1464 2349 1504 2385 in
