1629 2553
617 94 791 127 ROMAN
817 91 1100 124 ANECDOTES.
1463 91 1510 131 71

196 193 348 238 iustum,
369 191 441 228 nisi
462 189 569 240 quod
589 194 652 226 aut
673 189 786 225 rebus
807 186 973 235 repetitis
993 192 1144 234 geratur
1166 191 1228 221 aut
1251 183 1516 221 denuntiatum

197 263 283 294 ante
303 257 350 294 sit
369 263 406 294 et
426 255 621 292 indictum.
680 252 850 303 Popilius
872 251 1079 300 imperator
1099 249 1251 286 tenebat
1276 247 1514 297 provinciam

159 336 175 368 5
196 322 235 359 in
254 322 361 360 cuius
382 322 550 359 exercitu
570 319 729 358 Catonis
751 318 848 354 filius
873 317 944 353 tiro
971 315 1166 352 militabat.
1225 312 1358 359 Quum
1390 317 1518 350 autem

196 387 344 435 Popilio
365 386 553 423 videretur
581 395 699 422 unam
729 382 916 419 dimittere
946 381 1149 430 legionem,
1172 378 1333 416 Catonis
1363 389 1517 427 quoque

197 451 314 488 filium
343 452 407 501 qui
441 452 480 487 in
510 449 646 487 eadem
677 448 827 497 legione
861 446 1044 483 militabat
1079 444 1231 502 dimisit.
1289 443 1365 480 Sed
1399 454 1518 492 quum

197 529 327 554 amore
356 515 556 566 pugnandi
585 515 623 551 in
650 514 818 551 exercitu
846 511 1101 556 remansisset,
1126 509 1224 547 Cato
1251 508 1300 546 ad
1327 508 1518 557 Popilium

197 582 355 631 scripsit,
375 588 427 627 ut,
449 581 479 618 si
506 592 595 617 eum
623 584 813 628 pateretur
842 578 882 614 in
912 576 1078 614 exercitu
1107 586 1314 618 remanere,
1345 572 1516 611 secundo

143 659 178 680 10
197 659 286 685 eum
313 647 500 695 obligaret
520 645 672 682 militiae
694 648 960 688 sacrament03
993 642 1092 692 quia,
1113 641 1240 690 priore
1263 640 1416 684 amisso,
1440 639 1517 675 iure

198 724 287 750 cum
324 711 497 748 hostibus
535 721 707 759 pugnare
746 721 826 746 non
865 713 1024 757 poterat.
1100 705 1212 742 Adeo
1252 716 1403 743 summa
1440 709 1518 741 crat

198 778 411 816 observatio
450 778 490 814 in
527 776 628 813 bello
667 774 875 812 movendo.
947 773 1001 810 M.
1037 771 1194 821 quidem
1225 770 1385 808 Catonis
1419 770 1520 808 senis

198 842 360 893 epistola
388 848 447 880 est
476 841 526 879 ad
556 840 611 878 M.
642 841 771 885 filium,
802 840 841 876 in
876 851 952 888 qua
987 838 1137 887 scripsit
1171 848 1211 874 se
1246 836 1398 873 audisse
1432 847 1520 873 eum

198 909 358 946 missum
377 907 520 945 factum
541 918 624 944 esse
645 918 667 943 a
694 904 860 949 consule,
892 915 1012 953 quum
1041 903 1080 939 in
1107 901 1341 940 Macedonia
1366 900 1521 938 Persico

144 973 299 1020 15bello
328 973 436 1010 miles
474 978 585 1009 esset.
657 970 793 1008 Monet
835 969 949 1019 igitur
988 974 1030 1006 ut
1072 974 1203 1005 caveat
1246 979 1294 1004 ne
1338 965 1521 1016 praelium

200 1040 317 1077 ineat:
364 1044 480 1086 negat
510 1037 611 1075 enim
642 1036 699 1074 ius
730 1047 825 1081 esse,
856 1035 922 1084 qui
951 1034 1060 1071 miles
1089 1045 1169 1071 non
1199 1033 1256 1078 sit,
1290 1044 1378 1070 cum
1413 1031 1522 1068 hoste

200 1115 384 1154 pugnare.

254 1168 447 1218 Equidem
486 1167 579 1205 illud
619 1167 734 1204 etiam
777 1165 1052 1210 animadverto,
1097 1164 1213 1215 quod,
1258 1164 1323 1213 qui
1366 1162 1522 1212 proprio

201 1233 358 1271 nomine
379 1237 388 1253 ‘
402 1232 625 1283 perduellis’
647 1239 757 1277 esset,
778 1232 809 1269 is
831 1231 995 1269 ‘hostis'
1017 1236 1225 1274 vocaretur,
1246 1230 1399 1267 lenitate
1419 1229 1524 1266 verbi

145 1314 183 1335 20
201 1299 254 1336 rei
298 1298 488 1336 tristitiam
534 1298 760 1347 mitigatam.
842 1295 1027 1334 ‘Hostis'
1072 1296 1175 1333 enim
1215 1295 1319 1344 apud
1359 1295 1524 1332 maiores

201 1370 356 1402 nostros
375 1364 406 1401 is
427 1363 632 1408 dicebatur,
653 1374 768 1412 quem
789 1373 892 1399 nune
913 1365 921 1381 ‘
938 1362 1183 1411 peregrinum
1199 1360 1207 1374 '
1230 1360 1402 1397 dicimus.
1460 1359 1524 1396 In-

201 1429 329 1467 dicant
359 1428 564 1467 duodecim
592 1428 755 1474 tabulae,
783 1433 825 1465 ut
855 1439 998 1466 STATUS
1028 1439 1110 1464 mEs
1139 1438 1219 1464 CUM
1248 1437 1384 1471 HosTE,
1416 1425 1523 1462 item-

201 1507 287 1545 que,
335 1505 530 1532 ADVERSUS
576 1505 731 1532 HOSTEM
779 1503 960 1531 AETERNA
1003 1503 1255 1530 Auci-ornus.
1328 1490 1435 1538 Quid
1475 1490 1525 1527 ad

200 1560 300 1598 hanc
339 1559 675 1597 mansuetudinem
718 1558 806 1596 addi
846 1559 999 1607 potest?
1057 1570 1145 1595 eum
1186 1557 1342 1606 quicum
1382 1556 1524 1593 bellum

144 1639 180 1670 25
200 1638 311 1675 geras
345 1631 423 1662 tam
454 1625 559 1662 molli
591 1625 747 1662 nomine
773 1624 991 1673 appellare?
1034 1623 1281 1671 Quamquam
1312 1621 1351 1658 id
1380 1633 1524 1658 nomen

202 1691 330 1728 durius
359 1690 485 1728 effecit
514 1690 589 1727 iam
618 1697 805 1727 vetustas:
861 1702 883 1726 a
916 1690 1120 1738 peregrino
1152 1688 1255 1725 enirn
1286 1688 1451 1733 recessit,
1489 1694 1525 1724 et

201 1756 356 1806 proprie
376 1755 414 1792 in
436 1767 495 1800 eo,
517 1755 582 1804 qui
604 1766 710 1792 arma
730 1760 866 1791 contra
886 1753 1008 1799 ferret,
1031 1753 1224 1791 remansit.
1282 1752 1414 1799 Quum
1434 1764 1524 1789 vero

202 1822 250 1860 de
297 1821 457 1870 imperio
505 1821 718 1858 decertatur
764 1820 943 1870 belloque
987 1820 1178 1869 quaeritur
1218 1818 1349 1868 gloria,
1390 1830 1525 1856 causas

202 1888 362 1926 omnino
393 1887 549 1925 subesse
587 1894 716 1924 tamen
754 1892 907 1935 oportet
940 1885 1096 1923 easdem
1139 1897 1234 1934 quas
1277 1884 1356 1921 dixi
1395 1884 1524 1933 paullo

144 1968 184 2000 30
202 1960 289 1992 ante
325 1953 442 1990 iustas
472 1963 607 1990 causas
650 1964 734 1990 esse
774 1951 972 1989 bellorum.
1045 1950 1121 1988 Sed
1165 1962 1210 1988 ea
1249 1950 1348 1987 bella
1387 1951 1524 1998 quibus

201 2018 349 2068 imperii
386 2018 584 2067 proposita
622 2017 744 2066 gloria
782 2023 839 2055 est
877 2017 1003 2054 minus
1041 2017 1178 2055 acerbe
1217 2016 1386 2065 gerenda
1426 2022 1522 2053 sunt.

202 2084 256 2122 Ut
276 2084 379 2122 enim
400 2095 488 2121 cum
513 2083 582 2120 civi
609 2082 715 2120 aliter
744 2083 1025 2128 contendimus,
1055 2083 1085 2120 si
1112 2089 1168 2119 est
1198 2082 1385 2127 inimicus,
1408 2081 1524 2126 aliter,

203 2151 234 2188 si
264 2149 514 2199 competitor;
563 2160 651 2185 cum
681 2149 799 2186 altero
830 2147 1216 2186 certamen·honoris
1255 2153 1293 2184 et
1331 2147 1523 2196 dignitatis

204 2221 272 2261 est,
302 2217 390 2252 e‘um
419 2214 538 2251 altero
570 2214 704 2263 capitis
733 2219 770 2251 et
799 2213 922 2251 famae
939 2227 948 2260 ;
992 2213 1047 2251 sic
1076 2225 1164 2251 cum
1195 2212 1405 2258 Celtiberis,
1436 2224 1524 2250 cum

148 2297 184 2330 35
205 2280 370 2319 Cimbris
399 2280 551 2326 bellum,
582 2287 622 2317 ut
652 2292 740 2318 cum
769 2279 943 2325 inimicis,
966 2279 1177 2328 gerebatur,
1200 2285 1282 2316 uter
1313 2284 1423 2325 esset,
1445 2290 1524 2315 non

205 2353 286 2385 uter
314 2347 542 2397 imperaret;
591 2359 680 2384 cum
709 2345 866 2391 Latinis,
899 2345 1062 2390 Sabinis,
1095 2344 1340 2391 Samnitibus,
1371 2344 1523 2391 Poenis,
