1629 2553
635 97 809 130 ROMAN
834 97 1117 131 ANECDOTES.
1479 105 1530 150 79

728 274 796 308 26.
835 269 875 307 T
869 271 1019 320 realz'ng.

270 391 438 430 Vitanda
466 397 595 430 tamen
625 391 790 442 suspicio
821 397 878 429 est
907 392 1095 430 avaritiae.
1153 392 1363 439 Mamerco,
1388 396 1531 435 homini

218 457 454 502 divitissimo,
502 457 785 506 praetermissio
833 457 1033 496 aedilitatis
1077 459 1299 498 consulatus
1339 461 1531 511 repulsam

215 523 347 560 attulit.
419 522 549 569 Quare
592 528 639 564 et,
674 522 705 560 si
745 522 955 571 postulatur
987 535 1010 561 a
1042 524 1200 573 populo,
1235 525 1348 563 bonis
1381 527 1467 565 viris
1501 529 1530 565 si

214 599 293 625 non
323 587 636 633 desiderantibus,
666 593 834 625 attamen
868 589 1182 637 approbantibus,
1213 589 1430 629 faciendum
1463 599 1529 639 est,

170 662 186 692 5
211 653 330 691 modo
364 665 435 702 pro
469 653 720 699 facultatibus,
751 665 823 691 nos
853 653 925 703 ipsi
955 660 996 691 ut
1025 654 1208 693 fecimus:
1251 662 1299 703 et,
1321 656 1350 694 si
1375 658 1529 707 quando

211 719 338 767 aliqua
371 730 430 756 res
461 719 583 756 maior
617 725 729 767 atque
762 718 888 756 utilior
921 719 1095 768 populari
1130 720 1329 769 largitione
1367 723 1528 772 acquiri-

210 790 292 830 tur;
335 790 376 821 ut
410 783 538 822 Oresti
571 796 694 833 nuper
727 784 887 833 prandia
915 784 953 821 in
983 785 1126 823 semitis
1158 786 1342 824 decumae
1372 789 1527 826 nomine

209 861 351 898 magno
385 848 522 886 honori
557 849 717 886 fuerunt.
775 848 835 887 Ne
875 849 928 887 M.
964 850 1119 899 quidem
1155 850 1242 888 Seio
1275 852 1364 890 vitio
1398 852 1527 890 datum

210 920 267 952 est
301 914 405 964 quod
438 914 477 950 in
511 914 662 952 caritate
697 926 874 952 annonae
907 926 992 952 asse
1023 915 1196 952 modium
1227 917 1372 966 populo
1402 918 1526 956 dedit:

151 989 189 1012 10
208 992 349 1029 magna
391 980 494 1017 enim
537 991 578 1018 se
618 986 655 1017 et
695 980 900 1017 inveterata
940 979 1080 1017 invidia
1119 993 1191 1018 nec
1233 982 1331 1031 turpi
1372 982 1525 1029 iactura,

208 1046 364 1096 quando
406 1052 486 1083 erat
525 1045 667 1091 aedilis,
706 1058 778 1083 nec
818 1045 988 1082 maxima
1026 1045 1208 1084 liberavit.
1269 1046 1345 1084 Sed
1388 1047 1526 1087 honori

208 1124 359 1149 summo
389 1123 511 1160 nuper
538 1117 669 1149 nostro
698 1109 835 1148 Miloni
861 1110 939 1156 fuit,
960 1110 1066 1160 quod
1089 1110 1362 1160 gladiatoribus
1387 1115 1526 1163 emptis

207 1177 435 1226 reipublicae
469 1189 595 1222 causa,
629 1188 726 1226 quae
761 1175 879 1213 salute
913 1181 1045 1213 nostra
1079 1177 1355 1224 continebatur,
1388 1191 1524 1218 omnes

205 1241 246 1279 P.
279 1241 404 1279 Clodii
433 1248 593 1279 conatus
623 1241 846 1290 furoresque
873 1241 1110 1290 compressit.
1168 1241 1295 1280 Causa
1318 1244 1430 1292 igitur
1453 1245 1523 1282 lar-

149 1319 184 1351 15
204 1308 359 1357 gitionis
392 1300 460 1352 est:
490 1307 521 1344 si
561 1312 623 1343 aut
663 1318 822 1344 necesse
864 1313 921 1343 est
961 1313 1023 1344 aut
1056 1306 1155 1344 utile.
1214 1308 1261 1344 In
1300 1308 1357 1346 his
1397 1316 1523 1348 autem

204 1374 298 1423 ipsis
336 1373 609 1410 mediocritatis
650 1372 780 1421 regula
820 1372 966 1421 optima
1006 1379 1073 1410 est.
1130 1372 1172 1411 L.
1195 1374 1350 1423 quidem
1380 1375 1521 1426 Philip-

202 1451 286 1490 pus,
317 1437 368 1485 Q.
395 1437 450 1484 F„
479 1449 623 1487 magno
653 1438 706 1474 vir
735 1438 891 1487 ingenio
920 1437 958 1474 in
988 1437 1195 1488 primisque
1217 1439 1349 1486 clarus,
1370 1440 1521 1489 gloriari

202 1504 349 1543 solebat
389 1515 429 1541 se
470 1503 551 1541 sine
592 1503 667 1540 ullo
708 1515 867 1540 munere
909 1503 1091 1552 adeptum
1132 1516 1215 1541 esse
1256 1506 1386 1543 omnia
1423 1519 1520 1555 quae

200 1570 429 1607 haberentur
449 1569 696 1618 amplissima.
752 1568 915 1605 Dicebat
935 1568 1037 1605 idem
1065 1568 1187 1615 Cotta,
1211 1569 1339 1607 Curio.
1396 1571 1520 1610 Nobis

144 1649 183 1670 20
200 1647 354 1685 quoque
383 1634 470 1672 licet
498 1634 537 1670 in
566 1633 640 1671 hoc
669 1633 959 1683 quodammodo
989 1633 1150 1682 gloriari.
1210 1633 1310 1671 Nam
1340 1648 1410 1685 pro
1440 1650 1520 1674 am·

199 1700 384 1751 plitudine
417 1699 621 1744 honorum,
657 1711 754 1748 quos
794 1698 939 1735 cunctis
978 1698 1166 1748 suffragiis
1205 1699 1331 1748 adepti
1375 1713 1518 1748 sumus,

199 1772 331 1804 nostro
372 1765 528 1814 quidem
569 1776 683 1809 anno,
719 1764 824 1813 quod
865 1764 1023 1812 contigit
1063 1776 1197 1801 eorum
1237 1765 1381 1802 nemini
1421 1779 1518 1816 quos

197 1831 316 1869 modo
365 1830 571 1875 nominavi,
621 1841 713 1867 sane
760 1830 921 1879 exiguus
970 1836 1144 1879 sumptus
1192 1830 1389 1869 aedilitatis
1437 1831 1515 1871 fuit.

197 1897 327 1945 Atque
357 1896 472 1933 etiam
502 1895 584 1932 illae
614 1895 811 1944 impensae
839 1895 1028 1941 meliores,
1053 1895 1160 1941 muri,
1187 1895 1345 1942 navalia,
1371 1904 1516 1946 portus,

138 1975 175 2006 25
195 1973 379 2012 aquarum
409 1961 554 2007 ductus,
585 1961 792 2010 omniaque
823 1973 921 2011 quae
951 1961 1000 1998 ad
1030 1973 1143 1998 usum
1172 1961 1401 2010 reipublicae
1431 1975 1514 2012 per-

194 2029 324 2065 tinent.
396 2026 644 2076 Quamquam
683 2026 787 2076 quod
825 2038 1007 2075 praesens
1045 2033 1243 2077 tamquam
1281 2027 1320 2064 in
1358 2040 1515 2066 manum

195 2094 303 2131 datur
345 2093 547 2130 iucundius
591 2099 658 2138 est,
697 2099 826 2130 tamen
872 2092 967 2130 haec
1012 2092 1050 2129 in
1095 2100 1293 2141 posterum
1337 2095 1512 2143 gratiora.

192 2147 371 2204 Theatra,
417 2158 598 2207 porticus,
641 2170 741 2195 nova
787 2158 930 2207 templa
973 2158 1222 2196 verecundius
1263 2160 1512 2208 reprehendo,

191 2231 348 2274 propter
391 2223 642 2273 Pompeium:
700 2224 768 2261 sed
813 2224 1024 2262 doctissimi
1064 2236 1144 2262 non
1184 2225 1359 2273 probant,
1399 2231 1438 2263 ut
1475 2233 1512 2264 et

135 2307 175 2339 30
193 2290 407 2336 Panaetius,
429 2302 545 2340 quem
572 2290 734 2328 multum
760 2290 799 2327 in
825 2290 883 2328 his
912 2290 1015 2328 libris
1045 2297 1196 2329 secutus
1223 2303 1320 2337 sum,
1349 2303 1428 2329 non
1456 2292 1510 2330 in-

189 2363 438 2407 terpretatus:
466 2363 502 2395 et
524 2356 728 2395 Phalereus
749 2356 978 2404 Demetrius,
996 2358 1059 2407 qui
1082 2357 1277 2404 Periclem,
1298 2357 1508 2408 principem
