1629 2553
178 116 231 167 84
528 124 771 156 EXTRACTS
801 126 934 157 FRoM
964 127 1142 162 cremo.

179 229 255 266 quo
275 217 361 267 plus
387 218 426 255 in
456 218 622 266 negotiis
650 218 829 267 gerendis
856 231 916 256 res
941 231 1057 268 quam
1086 220 1200 258 verba
1222 229 1392 270 prosunt,
1422 221 1496 261 hoc
1519 217 1576 268 25'

182 289 261 320 erat
280 284 468 320 memoria
488 283 550 320 illa
569 284 843 332 praestantior:
875 296 991 333 quam
1020 284 1135 323 fuisse
1159 286 1198 323 in
1224 285 1498 334 Themistocle,

177 360 293 397 quem
315 348 423 385 facile
444 347 630 386 Graeciae
650 349 863 397 principem
890 350 1081 398 ponimus,
1104 350 1333 400 singularem
1362 351 1498 390 ferunt.

179 414 257 460 Qui
279 414 436 463 quidem
461 413 574 450 etiam
602 413 795 462 pollicenti
826 414 977 452 cuidam
1003 427 1044 452 se
1071 421 1189 452 artem
1217 416 1252 453 ei
1278 418 1500 463 memoriae,

178 491 276 528 quae
325 486 406 516 tum
454 479 620 527 primum
666 479 936 528 proferebatur,
981 479 1215 525 traditurum,
1255 482 1499 530 respondisse

178 544 322 589 dicitur,
353 543 525 581 oblivisci
559 556 599 581 se
633 544 746 581 malle
780 544 948 582 discere:
993 545 1120 590 credo,
1156 545 1261 593 quod
1292 546 1501 584 haerebant
1517 555 1559 585 30

177 610 215 645 in
241 609 428 645 memoria
458 620 726 658 quaecumque
754 609 921 646 audierat
941 609 999 646 vel
1023 609 1177 646 viderat.
1236 610 1322 648 Tali
1343 611 1500 659 ingenio

177 674 370 723 praeditus
409 673 591 711 Lucullus
628 673 852 711 adiunxerat
887 674 1001 710 etiam
1030 673 1144 720 illam,
1175 686 1290 724 quam
1321 675 1500 712 Themis-

177 739 296 776 tocles
344 746 545 787 spreverat,
585 739 837 787 disciplinam.
896 739 1041 788 Itaque,
1080 746 1122 776 ut
1169 740 1297 777 litteris
1345 741 1498 789 consig-

176 817 313 841 namus
351 816 450 853 quae
495 805 755 841 monumentis
801 804 986 841 mandare
1023 803 1221 841 volumus:
1271 805 1324 842 sic
1363 805 1421 842 ille
1459 806 1499 842 in

177 870 306 906 animo
336 881 396 906 res
430 869 638 917 insculptas
673 869 849 906 habebat.
908 869 1058 905 Tantus
1092 881 1184 917 ergo
1219 870 1426 918 imperator
1459 871 1499 907 in
1516 885 1556 915 35

177 935 284 970 omni
322 946 463 983 genere
502 933 588 970 belli
634 933 713 975 fuit,
752 933 913 982 praeliis,
953 934 1321 982 oppugnationibus,
1361 935 1499 971 navali-

176 1000 247 1036 bus
275 999 427 1048 pugnis,
459 998 652 1048 totiusque
681 998 768 1035 belli
798 999 1049 1036 instrumento
1078 1005 1115 1036 et
1143 1005 1340 1048 apparatu,
1370 1006 1411 1036 ut
1439 1000 1498 1038 ille

178 1076 242 1101 rex
272 1070 359 1112 post
378 1063 643 1100 Alexandrum
669 1063 860 1101 maximus
891 1063 994 1100 hunc
1022 1075 1044 1100 a
1078 1075 1118 1100 se
1147 1064 1334 1101 maiorem
1361 1064 1499 1101 ducem

177 1130 387 1177 cognitum,
433 1141 549 1178 quam
598 1141 833 1178 quemquam
874 1140 1020 1173 eorum,
1060 1140 1158 1177 quos
1200 1128 1365 1178 legisset,
1406 1130 1498 1168 sate-

176 1202 287 1232 retur.
363 1194 408 1231 In
458 1194 596 1231 eodem
643 1195 760 1232 tantia
799 1194 999 1244 prudentia
1037 1193 1105 1230 fuit
1142 1194 1181 1230 in
1221 1195 1499 1232 constituendis
1517 1207 1558 1237 40

176 1259 513 1309 temperandisque
561 1260 782 1304 civitatibus,
828 1266 930 1296 tanta
968 1259 1153 1307 aequitas,
1194 1265 1235 1295 ut
1272 1259 1388 1296 hodie
1427 1266 1500 1297 stet

176 1326 270 1362 Asia
309 1325 458 1362 Luculli
493 1325 673 1362 institutis
712 1324 906 1362 servandis
941 1330 978 1360 et
1015 1324 1123 1372 quasi
1162 1324 1331 1372 vestigiis
1370 1336 1499 1373 perse-

176 1390 353 1439 quendis.
428 1389 515 1435 Sed,
540 1390 608 1427 etsi
627 1401 770 1438 magna
796 1401 883 1426 cum
910 1389 1067 1425 utilitate
1096 1388 1339 1437 reipublicae,
1369 1396 1499 1427 tamen

177 1456 317 1493 diutius
354 1467 470 1504 quam
504 1455 639 1492 vellem
672 1462 776 1492 tanta
809 1455 863 1492 vis
897 1454 1043 1491 virtutis
1077 1460 1191 1502 atque
1221 1454 1363 1502 ingenii
1392 1467 1499 1503 pere-

177 1521 326 1570 grinata
366 1520 485 1557 abfuit
523 1521 571 1557 ab
609 1520 729 1558 oculis
767 1527 805 1557 et
842 1520 912 1557 fori
952 1526 988 1557 et
1027 1519 1163 1556 curiae.
1242 1519 1347 1565 Quin
1373 1521 1499 1565 etiam,
1518 1533 1558 1564 45

177 1598 296 1636 quum
326 1586 444 1623 victor
483 1598 505 1622 a
545 1585 808 1622 Mithridatico
850 1584 950 1622 bello
994 1585 1217 1629 revertisset,
1259 1584 1500 1622 inimicorum

179 1651 372 1689 calumnia
420 1651 584 1688 triennio
633 1650 775 1687 tardius
831 1662 947 1698 quam
1004 1649 1186 1686 debuerat
1241 1649 1497 1699 triumphavit.

177 1716 263 1753 Nos
295 1716 397 1752 enim
428 1715 606 1753 consules
636 1715 916 1752 introduximus
945 1726 1067 1762 paene
1097 1714 1135 1750 in
1165 1712 1311 1751 Urbem
1349 1727 1499 1752 currum

177 1781 375 1818 clarissimi
414 1781 505 1818 viri:
565 1780 673 1817 cuius
715 1780 807 1816 mihi
854 1779 1055 1816 consilium
1094 1784 1131 1815 et
1169 1780 1371 1816 auctoritas
1409 1779 1500 1829 quid

177 1853 257 1883 tum
297 1847 335 1882 in
372 1846 551 1882 maximis
597 1845 710 1882 rebus
758 1844 963 1894 profuisset
1008 1844 1186 1889 dicerem,
1232 1844 1303 1880 nisi
1346 1845 1393 1882 de
1437 1857 1499 1882 me
1519 1854 1558 1885 50

177 1913 262 1961 ipso
296 1911 503 1949 dicendum
532 1917 657 1948 esset:
697 1910 801 1959 quod
831 1910 905 1947 hoc
935 1916 1107 1958 tempore
1134 1921 1214 1946 non
1244 1916 1301 1946 est
1329 1922 1498 1948 necesse.

177 1977 312 2026 Itaque
351 1976 508 2025 privabo
557 1976 662 2012 illum
705 1976 831 2025 potius
876 1974 1004 2011 debito
1043 1974 1263 2011 testimonio
1303 1986 1419 2023 quarn
1461 1974 1501 2011 id

176 2055 265 2080 cum
285 2054 372 2078 mea
392 2041 503 2078 laude
524 2041 817 2078 communicem.

231 2107 319 2152 Sed,
364 2118 462 2156 quae
502 2106 677 2155 populari
718 2105 838 2154 gloria
882 2104 1051 2141 decorari
1095 2105 1134 2140 in
1174 2104 1335 2141 Lucullo
1379 2104 1497 2142 debu-

175 2179 297 2218 erunt,
328 2184 373 2209 ea
402 2171 479 2208 fere
509 2178 596 2207 sunt
626 2177 662 2207 et
693 2169 852 2207 Graecis
882 2170 1010 2206 litteris
1044 2169 1234 2206 celebrata
1268 2176 1304 2206 et
1339 2169 1495 2207 Latinis.
1517 2183 1555 2214 55

175 2239 259 2276 Nos
299 2244 426 2274 autem
466 2236 527 2273 illa
567 2243 723 2273 externa
762 2247 849 2272 cum
889 2235 1026 2280 multis,
1066 2234 1161 2272 haec
1196 2235 1374 2272 interiora
1408 2246 1495 2271 cum

175 2304 306 2354 paucis
345 2315 390 2340 ex
431 2302 513 2350 ipso
554 2313 668 2350 saepe
709 2300 972 2349 cognovimus.
1045 2299 1190 2337 Maiore
1230 2300 1334 2337 enim
1372 2300 1498 2338 studio

177 2366 359 2405 Lucullus
396 2378 515 2415 quum
546 2367 651 2403 omni
691 2366 895 2403 litterarum
936 2365 1078 2414 generi,
1118 2372 1198 2402 tum
1236 2364 1501 2414 philosophiae
