1629 2553
663 602 980 642 SECTION
1021 604 1073 642 ΙΙ.

256 784 642 827 ANECDOTES
689 785 862 827 FROM
908 786 1139 828 ROMAN
1185 786 1482 829 HISTORY.

684 1015 717 1049 1.
762 1010 859 1048 True
889 1010 1056 1051 Lessure.

262 1115 442 1154 PUBLIUM
480 1115 701 1161 SCIPIONEM,
737 1128 825 1153 eum
865 1117 929 1165 qui
978 1116 1124 1165 primus
1158 1116 1363 1154 Africanus
1396 1118 1527 1166 appel-

207 1181 305 1219 latus
344 1187 412 1226 est,
454 1181 579 1218 dicere
618 1181 770 1218 solitum
810 1182 960 1230 scripsit
999 1179 1109 1226 Cato,
1142 1182 1207 1230 qui
1242 1181 1310 1218 fuit
1343 1181 1420 1219 fere
1449 1182 1529 1219 eius

209 1246 389 1296 aequalis,
424 1257 637 1294 numquam
673 1258 713 1283 se
752 1246 879 1283 minus
918 1247 1085 1283 otiosum
1131 1258 1216 1284 esse
1255 1258 1371 1296 quarn
1410 1259 1529 1296 quum

207 1312 366 1356 otiosus,
396 1323 467 1348 nec
496 1311 623 1348 minus
654 1310 778 1348 solum
813 1323 930 1359 quam
964 1323 1085 1360 quum
1115 1311 1218 1349 solus
1247 1318 1359 1349 esset.
1419 1312 1530 1361 Mag-

170 1397 185 1428 5
207 1376 321 1413 nifica
357 1387 446 1413 vero
486 1387 561 1413 vox
600 1383 637 1413 et
675 1388 818 1425 magno
853 1377 934 1413 viro
973 1388 1017 1414 ac
1052 1376 1223 1425 sapiente
1263 1377 1391 1425 digna,
1431 1389 1529 1426 quae

208 1442 373 1480 declarat
410 1441 517 1478 illum
552 1447 588 1478 et
627 1441 666 1478 in
705 1441 783 1478 otio
822 1441 870 1478 de
900 1441 1064 1490 negotiis
1094 1441 1274 1490 cogitare,
1305 1448 1343 1478 et
1371 1441 1410 1478 in
1441 1442 1528 1479 soli-

206 1507 337 1545 tudine
369 1518 501 1544 secum
539 1505 643 1555 loqui
687 1506 853 1552 solitum,
892 1513 932 1543 ut
971 1518 1096 1556 neque
1130 1512 1294 1544 cessaret
1332 1519 1528 1556 umquam,

206 1580 243 1611 et
281 1573 471 1610 interdum
516 1571 708 1621 colloquio
747 1572 900 1609 alterius
939 1584 1019 1610 non
1059 1579 1198 1621 egeret,
1257 1572 1393 1622 Itaque
1432 1574 1529 1611 duae

207 1651 266 1677 res
299 1650 397 1687 quae
430 1638 656 1687 languorem
684 1637 847 1675 afferunt
878 1637 1013 1675 ceteris
1042 1637 1148 1675 illum
1178 1638 1377 1684 acuebant,
1408 1639 1528 1676 otium

152 1724 188 1747 10
206 1711 242 1752 et
263 1703 440 1742 solitudo.

522 1829 561 1863 2.
606 1823 704 1861 True
732 1824 810 1861 and
833 1823 946 1862 Falsa
974 1824 1221 1875 Expedz‘enqy.

260 1928 393 1976 Quum
433 1928 623 1967 Collatino
666 1928 836 1978 collegae
880 1929 1019 1967 Brutus
1058 1930 1263 1980 imperium
1306 1931 1528 1982 abrogabat,

206 2001 356 2044 poterat
387 1994 505 2032 videri
538 1995 662 2032 facere
701 1994 740 2032 id
778 1995 924 2033 iniuste.
983 1995 1123 2033 Fuerat
1162 1996 1264 2033 enim
1300 1996 1339 2033 in
1378 1999 1530 2046 regibus

207 2060 442 2110 expellendis
472 2061 598 2097 socius
627 2060 743 2106 Bruti,
766 2060 1012 2097 consiliorum
1040 2061 1154 2098 etiam
1177 2061 1340 2101 adiutor.
1397 2061 1529 2109 Quum

207 2132 334 2163 autem
383 2125 586 2163 consilium
640 2124 714 2163 hoc
761 2125 954 2174 principes
1002 2126 1204 2175 cepissent,
1254 2128 1529 2176 cognationem

170 2198 185 2229 5
208 2190 371 2240 Superbi
400 2202 622 2240 nomenque
652 2190 953 2239 Tarquiniorum
983 2197 1020 2228 et
1050 2192 1280 2228 memoriam
1310 2193 1417 2241 regni
1446 2206 1530 2232 esse

211 2255 432 2301 tollendam,
471 2255 576 2304 quod
617 2262 695 2292 erat
726 2255 826 2300 utile,
867 2255 1010 2304 patriae
1049 2256 1260 2301 consulere,
1301 2257 1338 2294 id
1372 2264 1450 2295 erat
1482 2260 1531 2297 ita

206 2320 423 2366 honestum,
454 2327 493 2357 ut
522 2320 636 2357 etiam
668 2320 740 2369 ipsi
772 2319 962 2358 Collatino
993 2320 1142 2369 placere
1171 2321 1335 2359 deberet.
1396 2322 1529 2372 Itaque
