1629 2553
580 105 736 135 GREEK
766 103 1049 135 ANECDOTES.
1422 107 1436 134 1
1448 106 1468 147 7

157 198 387 247 ageremus‚'
426 199 558 248 inquit,
598 198 716 236 ‘vitae
749 199 916 243 beatum,
950 204 987 235 et
1025 197 1204 235 eumdem
1238 209 1461 246 supremum

155 263 271 309 diem,
292 264 552 301 scribebamus
571 263 676 301 haec.
717 263 833 300 Tanti
855 269 981 300 autem
1002 263 1125 300 morbi
1145 262 1302 300 aderant
1322 263 1470 299 vesicae

114 339 132 370 5
153 336 190 365 et
218 328 416 375 viscerum,
436 336 477 366 ut
505 329 597 366 nihil
626 329 675 366 ad
704 340 837 366 eorum
867 327 1172 376 magnitudinem
1202 334 1334 377 posset
1363 340 1471 365 acce-

154 392 267 430 dere.’
324 393 511 431 Miserum
540 394 761 431 hominem!
802 393 840 430 Si
870 392 980 430 dolor
1009 404 1203 430 summum
1231 392 1373 429 malum
1404 401 1471 439 est,

154 458 229 496 dici
250 458 356 496 aliter
381 471 461 496 non
484 465 622 508 potest.
681 458 757 496 Sed
791 459 991 496 audiamus
1023 460 1174 507 ipsum:
1206 457 1470 507 ‘Compensa-

153 522 285 568 batur‚’
304 524 438 572 inquit,
460 527 613 561 ‘tamen
636 536 724 561 cum
754 523 811 560 his
835 524 1015 561 omnibus
1043 524 1160 561 animi
1181 523 1330 568 laetitia,
1354 535 1468 572 quam

151 588 351 636 capiebam
370 589 558 625 memoria
578 589 768 626 rationum
789 589 1106 638 inventorumque
1128 596 1357 626 nostrorum.
1397 587 1474 625 Sed

97 664 133 687 10
152 659 203 698 tu,
223 660 263 690 ut
284 653 445 702 dignum
465 660 522 691 est
552 659 616 690 tua
642 665 732 702 erga
756 665 817 690 me
845 660 882 691 et
909 666 1000 702 erga
1027 653 1312 703 philosophiam
1340 653 1471 691 volun-

151 723 226 755 tate
264 718 312 755 ab
352 718 637 756 adolescentulo
677 726 866 767 suscepta,
909 719 967 756 sac
1006 718 1300 763 utMeirodori
1344 725 1471 756 tueare

151 783 311 821 liberos.'
354 783 446 820 Non
467 796 541 833 ego
563 784 637 821 iam
659 783 966 833 Epaminondae,
989 796 1068 821 non
1089 784 1285 822 Leonidae
1306 791 1471 821 mortem

151 848 263 886 huius
283 849 396 886 morti
418 855 614 898 antepono
627 862 637 896 ;
668 861 831 898 quorum
853 849 945 886 alter
966 862 1084 899 quum
1105 850 1257 887 vicisset
1278 849 1472 887 Lacedae—

151 914 305 952 monios
325 915 429 963 apud
449 914 699 960 Mantineam,
722 921 834 964 atque
855 915 936 964 ipse
958 916 1061 964 gravi
1082 915 1235 952 vulnere
1262 915 1471 952 exanimari

96 992 132 1024 ¹5
152 991 193 1016 se
229 979 382 1024 videret,
420 986 460 1017 ut
498 980 664 1029 primum
704 980 879 1029 dispexit,
919 981 1105 1029 quaesivit
1147 980 1326 1018 salvusne
1373 987 1472 1018 esset

152 1044 332 1093 clypeus?
390 1044 523 1091 Quum
562 1045 708 1083 salvum
757 1057 840 1084 esse
885 1045 1020 1084 flentes
1067 1047 1123 1083 sui
1171 1046 1473 1095 respondissent,

153 1110 310 1158 rogavit,
350 1116 527 1147 essentne
568 1110 640 1148 fusi
679 1110 838 1148 hostes?
907 1110 1117 1160 Quumque
1157 1111 1196 1148 id
1235 1123 1402 1160 quoque,
1434 1117 1474 1147 ut

153 1176 343 1225 cupiebat,
382 1177 596 1222 audivisset,
636 1176 741 1213 evelli
781 1177 888 1214 iussit
926 1189 1012 1214 eam
1051 1189 1127 1226 qua
1165 1184 1244 1214 erat
1289 1177 1473 1214 tranfixus

153 1241 314 1278 hastam.
372 1241 430 1277 Ita
458 1241 577 1278 multo
608 1242 795 1290 sanguine
826 1241 997 1290 profuso,
1028 1242 1067 1278 in
1095 1242 1236 1280 laetitia
1265 1249 1302 1279 et
1331 1243 1371 1279 in
1400 1242 1475 1279 vic-

98 1322 136 1343 20
155 1307 250 1344 toria
270 1313 327 1344 est
350 1313 535 1344 mortuus.
599 1306 794 1345 Leonidas
815 1313 954 1354 autem,
976 1320 1041 1345 rex
1063 1307 1475 1351 Lacedaemoniorum,

155 1384 195 1410 se
215 1371 252 1408 in
280 1371 551 1421 Thermopylis
580 1377 848 1421 trecentosque
881 1385 960 1419 eos,
990 1385 1089 1422 quos
1116 1373 1298 1411 eduxerat
1330 1373 1475 1422 Sparta,

156 1449 275 1486 quum
310 1444 411 1474 esset
450 1437 648 1486 proposita
686 1444 750 1475 aut
789 1437 881 1486 fuga
919 1439 1036 1488 turpis
1076 1446 1139 1476 aut
1165 1439 1333 1489 gloriosa
1359 1451 1475 1484 mors,

157 1502 340 1551 opposuit
378 1501 564 1539 hostibus.
640 1501 860 1540 Praeclarae
898 1511 1042 1542 mortes
1081 1511 1169 1542 sunt
1198 1504 1475 1553 imperatoriae.

159 1567 383 1617 Philosophi
403 1575 531 1605 autem
551 1567 590 1604 in
611 1568 687 1606 suis
707 1568 852 1606 lectulis
874 1569 1097 1620 plerumque
1117 1570 1342 1609 moriuntur.

511 1710 578 1743 22.
617 1705 740 1743 Dealh
769 1706 878 1744 better
905 1708 996 1745 than
1023 1707 1124 1759 Life.

212 1823 386 1869 Deorum
407 1822 679 1860 immortalium
700 1823 838 1861 iudicia
856 1824 981 1862 solent
1000 1825 1038 1861 in
1066 1825 1206 1863 scholis
1237 1825 1405 1875 proferre
1429 1826 1476 1864 de

158 1895 292 1934 morte,
330 1900 401 1926 nec
439 1900 529 1926 vero
567 1901 612 1925 ea
651 1889 796 1938 fingere
835 1890 918 1939 ipsi,
958 1890 1026 1928 sed
1064 1890 1270 1929 Herodoto
1310 1899 1476 1937 auctore,

162 1956 324 2004 aliisque
361 1955 544 2004 pluribus.
626 1955 796 1993 Primum
835 1956 976 2005 Argiae
1014 1957 1222 1995 sacerdotis
1257 1958 1411 1996 Cleobis
1443 1967 1478 1996 et

160 2020 276 2058 Biton
314 2020 378 2056 filii
417 2020 694 2069 praedicantur.
764 2020 870 2059 Nota
902 2021 1031 2059 fabula
1065 2030 1132 2060 est.
1209 2022 1340 2069 Quum
1376 2025 1477 2061 enim

118 2100 135 2131 5
156 2086 261 2123 illam
283 2085 332 2123 ad
353 2085 539 2123 sollemne
565 2092 602 2123 et
626 2093 765 2124 statum
795 2087 1019 2125 sacrificium
1047 2100 1158 2125 curru
1184 2089 1269 2126 vehi
1296 2090 1353 2127 ius
1377 2098 1478 2128 esset

158 2151 248 2189 satis
286 2151 402 2200 longe
441 2152 489 2188 ab
520 2152 667 2201 oppido
692 2151 740 2189 ad
769 2152 913 2199 fanum,
940 2161 1254 2204 morarenturque
1281 2155 1477 2194 iumenta:

158 2222 252 2254 tunc
275 2217 430 2254 iuvenes
458 2217 491 2263 ii,
514 2229 611 2266 quos
638 2218 759 2255 modo
791 2219 999 2264 nominavi,
1023 2225 1127 2257 veste
1153 2220 1289 2269 posita,
1316 2233 1479 2270 corpora

161 2283 249 2320 oleo
289 2290 562 2332 perunxerunt,
602 2283 650 2320 ad
689 2284 820 2332 iugum
869 2291 1122 2322 accesserunt.
1207 2285 1266 2323 Ita
1298 2287 1479 2325 sacerdos

159 2348 321 2386 advecta
342 2349 378 2384 in
400 2348 542 2394 sanum,
564 2361 682 2398 quum
703 2361 835 2387 currus
864 2357 964 2388 esset
994 2350 1130 2388 ductus
1160 2363 1182 2388 a
1210 2351 1306 2398 filiis,
1326 2359 1478 2401 precata

813 2426 836 2453 c
