1629 2553
165 124 215 155 22
512 116 756 148 EXTRACTS
785 116 919 147 FROM
944 115 1122 146 CICERO.

165 217 222 252 sin
245 214 341 252 forte
361 211 638 261 longinquitate
665 210 840 261 producti
861 209 1121 247 vehementius
1147 216 1276 247 tamen
1302 215 1479 258 torquent

166 292 281 329 quam
311 285 352 315 ut
382 289 497 314 causa
527 277 572 314 sit
601 288 667 314 cur
696 275 873 318 serantur,
895 275 985 325 quid
1015 282 1070 312 est
1099 275 1264 321 tandem,
1287 275 1337 312 dii
1365 275 1478 312 bonil

163 344 268 394 quod
298 343 541 381 laboremus?
584 341 722 378 Portus
750 341 851 378 enim
877 347 1031 390 praesto
1061 347 1128 386 est,
1148 352 1263 386 mors,
1285 346 1479 378 aeternum

164 409 255 447 nihil
275 407 464 447 sentiendi
480 406 775 455 receptaculum.
815 405 1046 443 Theodorus
1067 405 1296 455 Lysimacho
1315 412 1478 442 mortem
1498 412 1539 444 60

164 473 364 520 minitanti,
396 472 608 521 ‘Magnum
637 471 750 517 vero,'
786 471 919 520 inquit,
959 470 1148 517 ‘effecisti,
1184 471 1214 507 si
1252 469 1480 508 cantharidis

164 542 239 577 vim
270 544 499 580 consecutus
531 534 597 574 es.’
669 536 822 573 Paullus
853 535 990 573 Persae
1024 535 1243 584 deprecanti
1273 548 1321 572 ne
1352 537 1391 573 in
1420 536 1482 572 tri-

165 604 311 655 umpho
340 603 548 649 duceretur,
581 601 650 639 ‘In
680 608 744 638 tua
774 600 809 637 id
839 601 994 650 quidem
1023 607 1210 650 potestate
1241 600 1319 638 est?

499 757 568 791 25.
634 752 770 801 Wrong
797 763 902 789 never
931 751 1146 800 Expedt'ent.

222 871 298 909 Sed
327 869 494 907 utilitatis
524 868 650 918 specie
682 867 720 904 in
740 879 779 904 re
810 868 961 917 publica
991 867 1213 916 saepissime
1235 873 1423 915 peccatur,
1445 873 1484 904 ut

168 938 205 974 in
228 934 399 974 Corinthi
420 933 694 971 disturbatione
722 932 850 969 nostri.
910 931 1051 969 Durius
1079 932 1193 969 etiam
1214 931 1482 977 Athenienses,

168 1003 231 1053 qui
271 1001 460 1038 sciverunt
504 1005 545 1036 ut
582 998 791 1046 Aeginetis,
831 998 897 1046 qui
944 997 1064 1034 classe
1102 997 1288 1042 valebant,
1326 996 1483 1046 pollices

169 1066 485 1117 praeciderentur.
543 1063 633 1100 Hoc
663 1062 784 1099 visum
818 1069 874 1100 est
907 1062 1019 1109 utile;
1068 1063 1181 1100 nimis
1219 1063 1322 1100 enim
1359 1063 1483 1099 immi-

168 1134 282 1170 nebat
311 1137 466 1180 propter
500 1128 823 1178 propinquitatem
856 1128 1007 1176 Aegina
1042 1127 1207 1165 Piraeeo.
1281 1127 1357 1165 Sed
1395 1127 1483 1164 nihil

169 1197 273 1248 quod
312 1195 462 1234 crudele
500 1193 601 1231 utile.
672 1192 741 1230 Est
779 1193 882 1229 enirn
920 1193 1123 1230 hominum
1161 1200 1328 1238 naturae,
1368 1205 1483 1242 quam

170 1263 277 1312 sequi
298 1262 494 1305 debemus,
516 1259 681 1296 maxime
703 1258 856 1295 inimica
877 1257 1089 1295 crudelitas.
1149 1258 1252 1295 Male
1273 1258 1398 1305 etiam,
1421 1259 1484 1307 qui

170 1329 391 1380 peregrinos
428 1326 584 1363 urbibus
629 1325 681 1362 uti
719 1323 923 1373 prohibent
962 1336 1104 1374 eosque
1141 1325 1405 1370 exterminant,
1445 1332 1485 1362 ut

170 1396 324 1433 Pennus
362 1392 464 1443 apud
511 1397 636 1440 patres
675 1396 836 1435 nostrOS,
884 1389 1023 1438 Papius
1065 1402 1196 1439 nuper.
1255 1389 1357 1428 Nam
1403 1402 1485 1428 esse

170 1473 238 1511 pro
268 1460 359 1504 cive,
389 1457 454 1507 qui
488 1457 579 1494 civis
613 1467 693 1493 non
725 1455 782 1500 sit,
814 1461 959 1492 rectum
992 1462 1048 1492 est
1078 1467 1158 1493 non
1186 1456 1320 1494 licere:
1369 1469 1485 1505 quam

172 1527 297 1575 legem
327 1523 492 1561 tulerunt
518 1520 785 1570 sapientissimi
814 1520 1001 1566 consules,
1023 1520 1185 1558 Crassus
1214 1528 1251 1558 et
1281 1521 1488 1562 Scaevola:

172 1604 244 1630 usu
274 1602 363 1628 vero
390 1588 506 1626 Urbis
536 1586 738 1636 prohibere
768 1587 989 1635 peregrinos
1018 1598 1110 1624 sane
1141 1587 1390 1625 inhumanum
1420 1596 1483 1627 est.

173 1659 241 1695 Illa
280 1655 486 1706 praeclara,
525 1653 564 1690 in
602 1652 740 1701 quibus
779 1651 951 1700 publicae
989 1652 1156 1689 utilitatis
1205 1654 1350 1702 species
1399 1667 1489 1703 prae

172 1724 371 1760 honestate
403 1718 668 1757 contemnitur.
728 1716 844 1753 Plena
873 1717 1138 1766 exemplorum
1168 1725 1224 1755 est
1253 1726 1385 1756 nostra
1413 1732 1489 1757 res-

173 1788 335 1839 publica,
366 1798 485 1835 quum
520 1795 634 1833 saepe
669 1783 771 1827 alias,
804 1788 885 1819 tum
916 1783 1082 1820 maxime
1116 1783 1216 1821 bello
1252 1784 1396 1822 Punico
1432 1799 1490 1824 se-

173 1854 322 1899 cundo3
363 1863 472 1901 quae,
495 1849 689 1887 Cannensi
718 1848 931 1885 calamitate
961 1854 1128 1897 accepta,
1149 1850 1313 1887 maiores
1341 1851 1491 1888 animos

173 1919 302 1957 habuit
322 1928 439 1966 quam
465 1926 649 1963 umquam
680 1913 792 1950 rebus
822 1912 1010 1950 secundis.
1070 1912 1183 1950 Nulla
1209 1915 1354 1952 timoris
1376 1916 1492 1965 signi-

174 1984 308 2029 ficatio,
330 1982 432 2019 nulla
451 1981 595 2017 mentio
622 1980 736 2028 pacis.
785 1977 913 2015 Tanta
932 1979 986 2015 vis
1007 1985 1064 2016 est
1083 1978 1243 2025 honesti,
1265 1986 1304 2017 ut
1325 1982 1491 2030 speciem

177 2049 342 2087 utilitatis
381 2047 570 2084 obscuret.
628 2044 883 2082 Athenienses
918 2056 1036 2092 quum
1070 2043 1269 2082 Persarum
1308 2046 1493 2095 impetum

175 2115 278 2152 nullo
309 2112 427 2150 modo
457 2118 615 2160 possent
644 2110 827 2147 sustinere
858 2115 1140 2158 statuerentque
1171 2117 1222 2157 ut,
1242 2112 1335 2149 urbe
1355 2112 1491 2159 relicta,
1514 2128 1528 2149 2

175 2178 404 2227 coniugibus
439 2184 474 2214 et
506 2176 631 2213 liberis
668 2174 868 2212 Troezene
902 2175 1097 2223 depositis,
1133 2188 1248 2213 naves
1282 2177 1493 2214 conscend-

177 2251 282 2283 erent
316 2243 603 2290 libertatemque
637 2239 821 2277 Graeciae
856 2239 975 2277 classe
1008 2240 1264 2286 defenderent,
1305 2241 1494 2290 Cyrsilum

179 2308 387 2359 quemdam
436 2307 661 2343 suadentem
700 2311 739 2342 ut
788 2306 825 2341 in
874 2305 965 2342 urbe
1013 2313 1211 2343 manerent
1250 2306 1495 2356 Xerxemque

1508 1469 1546 1492 10

1513 1798 1547 1829 ¹5

184 2375 394 2422 reciperent
437 2371 624 2420 lapidibus
672 2377 959 2419 cooperuerunt.
1022 2371 1149 2420 Atque
1195 2371 1254 2408 ille
1301 2364 1528 2410 utilitatem¹
