1629 2553
132 114 184 152 68
478 122 720 155 EXTRACTS
750 124 885 155 FRoM
913 125 1094 156 CICERO.

132 215 279 264 impulit
300 216 379 253 sine
401 216 476 252 ulla
496 228 563 265 spe
591 217 720 254 salutis
742 217 857 254 suae?
898 215 1008 262 Quae
1030 217 1085 254 vis
1106 216 1294 255 Coclitem
1315 224 1448 256 contra
1471 223 1509 252 2‘0

131 293 266 318 omnes
295 281 462 318 hostium
483 281 614 330 copias
644 282 762 319 tenuit
783 282 821 318 in
841 288 959 330 ponte
987 281 1138 319 solum?
1183 295 1279 332 quae
1301 289 1447 332 patrem

131 345 306 391 Decium,
345 357 444 394 quae
483 346 600 383 filium
640 346 828 384 devotavit
867 352 980 394 atque
1018 346 1173 383 immisit
1211 347 1249 383 in
1284 353 1447 384 armatas

131 411 299 447 hostium
319 411 477 459 copias?
513 411 618 457 Quid
648 411 881 448 continentia
908 410 951 448 C.
974 410 1148 457 Fabricii,
1170 411 1262 460 quid
1287 412 1448 449 tenuitas

131 473 249 510 victus
282 471 349 509 Μ’.
372 472 474 510 Curii
510 474 764 522 sequebatur?
805 472 910 519 Quid
940 473 1016 511 duo
1044 474 1335 523 propugnacula
1362 474 1449 511 belli

131 537 275 582 Punici,
297 537 369 575 Cn.
392 544 429 575 et
455 538 495 574 P.
519 537 729 587 Scipiones,
752 539 816 587 qui
843 538 1223 587 Karthaginiensium
1243 539 1448 576 adventum
1472 552 1507 583 25

132 602 357 651 corporibus
385 603 462 640 suis
483 602 813 640 intercludendum
841 603 1096 652 putaverunt?
1135 603 1227 652 quid
1246 602 1449 641 Africanus

131 667 278 704 maior?
323 668 414 716 quid
444 668 595 705 minor?
636 668 728 716 quid
758 668 855 705 inter
889 667 1026 704 horum
1057 674 1199 705 aetates
1234 668 1449 706 interiectus

132 731 257 768 Cato?
298 732 389 781 quid
429 732 723 770 innumerabiles
757 733 844 769 alii?
884 744 974 769 nam
1003 731 1224 770 domesticis
1263 733 1450 782 exemplis

131 796 398 834 abundamus:
439 799 640 847 cogitasse,
671 798 881 847 quidquam
909 797 947 833 in
978 797 1052 834 vita
1082 798 1151 834 sibi
1179 798 1450 847 expetendum,

130 861 202 898 nisi
232 862 338 910 quod
367 862 554 900 laudabile
585 870 684 901 esset
713 870 749 900 et
773 862 1021 912 praeclarum,
1044 863 1245 900 videntur?
1285 862 1452 900 Veniant
1470 879 1512 910 30

131 927 242 975 igitur
270 927 330 964 isti
350 928 519 966 irrisores
549 929 659 967 huius
689 929 872 966 orationis
902 941 946 966 ac
968 929 1198 966 sententiae:
1234 934 1270 965 et
1301 928 1375 965 iam
1395 928 1452 966 vel

131 992 202 1040 ipsi
234 992 409 1040 iudicent,
431 1000 557 1031 utrum
587 1007 627 1032 se
647 994 785 1031 horum
815 994 983 1039 alicuius,
1007 994 1070 1043 qui
1099 994 1323 1031 marmoreis
1344 994 1452 1031 tectis

131 1057 246 1094 ebore
267 1063 304 1094 et
325 1070 416 1096 auro
445 1058 688 1108 fulgentibus,
711 1059 775 1108 qui
797 1059 927 1107 signis,
949 1058 1013 1107 qui
1044 1058 1191 1103 tabulis,
1213 1058 1277 1107 qui
1307 1058 1452 1095 caelato

132 1133 224 1158 auro
245 1128 280 1159 et
300 1130 471 1171 argento,
493 1125 557 1173 qui
578 1124 785 1162 Corinthiis
806 1123 987 1172 operibus
1014 1123 1223 1168 abundant,
1244 1134 1293 1159 an
1315 1123 1358 1160 C.
1381 1122 1453 1159 Fa-

131 1186 247 1232 bricii,
269 1188 333 1236 qui
353 1188 444 1226 nihil
466 1201 599 1227 eorum
620 1189 761 1234 habuit,
783 1188 875 1225 nihil
895 1188 1037 1226 habere
1057 1187 1184 1233 voluit,
1207 1187 1348 1225 similes
1369 1199 1453 1225 6556
1471 1201 1510 1233 35

133 1253 291 1289 malint?

428 1363 492 1397 16.
535 1358 610 1396 The
643 1358 747 1397 Good
770 1359 887 1397 Fasth
917 1359 964 1408 of
982 1358 1163 1409 Regulus.

188 1467 243 1506 M.
265 1468 416 1506 Attilius
447 1468 631 1517 Regulus,
652 1481 770 1518 quum
796 1470 928 1508 consul
956 1470 1092 1507 iterum
1114 1469 1152 1505 in
1175 1467 1304 1505 Africa
1331 1480 1376 1505 ex
1397 1468 1451 1505 in-

135 1534 239 1571 sidiis
268 1540 402 1582 captus
433 1540 543 1579 esset,
566 1533 661 1571 duce
689 1524 913 1583 Xanthippo
943 1534 1267 1579 Lacedaemonio,
1290 1534 1451 1582 impera-

134 1604 216 1635 tore
249 1606 377 1635 autem
411 1605 517 1647 patre
548 1598 777 1637 Hannibalis
808 1599 1038 1644 Hamilcare,
1060 1600 1200 1636 iuratus
1230 1599 1367 1636 missus
1397 1605 1453 1637 est

135 1663 183 1700 ad
204 1670 390 1708 senatum,
412 1670 464 1706 ut,
489 1664 559 1701 nisi
581 1664 716 1701 redditi
738 1670 865 1702 essent
886 1664 1024 1702 Poenis
1045 1664 1181 1712 captivi
1202 1663 1349 1701 nobiles
1369 1664 1453 1712 qui-

136 1729 236 1773 dam,
258 1728 393 1765 rediret
420 1729 501 1777 ipse
528 1728 818 1777 Karthaginem.
876 1729 915 1766 Is
942 1741 1061 1778 quum
1089 1728 1256 1765 Romam
1277 1728 1452 1773 venisset,
1473 1741 1488 1772 ε

135 1794 301 1831 utilitatis
330 1794 497 1842 speciem
529 1794 691 1839 videbat,
728 1793 795 1831 sed
829 1806 926 1840 eam,
956 1801 996 1831 ut
1025 1806 1084 1831 res
1115 1793 1290 1838 declarat,
1319 1793 1453 1830 falsam

134 1858 321 1903 iudicavit,
344 1870 441 1906 quae
469 1865 547 1895 erat
569 1859 673 1905 talis;
713 1871 868 1896 manere
889 1860 926 1895 in
953 1859 1094 1908 patria;
1134 1871 1217 1895 esse
1239 1858 1343 1895 domi
1363 1870 1453 1895 suae

137 1936 223 1960 cum
263 1935 393 1965 uxore,
429 1935 516 1960 cum
550 1924 697 1970 liberis;
744 1936 859 1973 quam
895 1924 1147 1961 calamitatem
1178 1924 1387 1972 accepisset
1414 1923 1452 1959 in

133 1989 234 2025 bello
264 2000 512 2025 communem
547 1988 721 2026 fortunae
750 1989 907 2025 bellicae
937 1989 1180 2032 iudicantem,
1203 1995 1330 2025 tenere
1361 1999 1453 2024 con·

135 2053 268 2090 sularis
308 2053 499 2102 dignitatis
537 2054 710 2103 gradum.
781 2053 878 2099 Quis
917 2053 1011 2091 haec
1050 2060 1165 2102 neget
1203 2065 1286 2090 esse
1324 2053 1511 2091 utilia?10

135 2118 263 2165 Quem
285 2120 446 2156 censes?
488 2119 718 2167 Magnitudo
746 2119 861 2155 animi
889 2125 925 2156 et
952 2118 1133 2156 fortitudo
1162 2125 1288 2166 negat.
1347 2117 1452 2154 Num

134 2184 400 2232 locupletiores
439 2184 589 2233 quaeris
628 2184 829 2221 auctores?
878 2183 1028 2220 Harum
1062 2183 1164 2220 enim
1194 2190 1250 2220 est
1277 2182 1452 2219 virtutum

133 2249 328 2298 proprium
359 2248 449 2285 nihil
478 2249 735 2295 extimescere,
758 2248 888 2286 omnia
908 2248 1077 2285 humana
1106 2248 1321 2296 despicere;
1361 2247 1452 2284 nihil

133 2315 237 2362 quod
271 2314 415 2351 homini
450 2314 620 2351 accidere
656 2314 775 2364 possit
806 2313 1086 2350 intolerandum
1116 2318 1259 2361 putare.
1317 2312 1451 2360 Itaque

133 2378 223 2427 quid
254 2377 365 2416 fecit?
411 2379 454 2415 In
485 2386 658 2417 senatum
679 2379 801 2426 venit;
846 2377 1026 2415 mandata
1055 2377 1253 2426 exposuit,·
1299 2383 1449 2414 senten·
1474 2393 1507 2424 ¹5
