1629 2553
133 134 180 162 12
478 131 721 163 EXTRACTS
750 132 886 164 FROM
914 134 1094 166 CICERO.

127 231 240 274 taque
279 225 431 263 fecisset
469 226 633 275 egregie,
666 226 774 264 vertit
812 227 860 264 ad
899 234 1111 265 extremum
1150 228 1290 274 omnia,
1325 240 1443 277 quum

128 289 287 327 consilio
327 302 406 327 non
445 290 568 339 paruit
605 303 738 328 eorum
776 292 840 340 qui
879 292 1040 330 classem
1073 293 1121 330 ab
1154 292 1354 342 Arginusis
1387 304 1444 328 re-

127 354 371 400 movendam,
401 366 472 392 nec
505 367 593 392 curn
625 355 924 394 Atheniensibus
958 357 1218 394 dimicandum
1246 357 1442 406 putabant.

127 418 281 465 Quibus
318 419 378 456 ille
416 420 624 468 respondit,
659 419 1001 468 Lacedaemonios,
1036 422 1156 460 classe
1193 421 1254 459 illa
1291 422 1442 466 amissa,

126 483 237 520 aliam
260 495 394 533 parare
414 496 539 533 posse,
561 496 601 522 se
631 483 762 534 fugere
791 486 872 523 sine
902 498 972 523 suo
1003 486 1190 524 dedecore
1214 498 1294 524 non
1314 497 1441 535 posse.
1463 496 1500 517 10

125 548 253 597 Atque
288 547 382 586 haec
417 550 571 599 quidem
609 549 928 589 Lacedaemoniis
966 551 1080 601 plaga
1116 551 1340 589 mediocris:
1382 550 1444 587 illa

125 612 313 662 pestifera,
343 626 419 664 qua
448 626 566 664 quum
597 614 878 661 Cleombrotus,
908 616 1089 653 invidiam
1123 617 1273 661 timens,
1303 622 1443 653 temere

125 690 213 715 cum
242 678 516 728 Epaminonda
545 680 786 726 conflixisset,
809 680 1206 719 Lacedaemoniorum
1235 692 1330 730 opes
1360 692 1442 717 cor-

125 750 288 781 ruerunt.

511 870 576 904 19.
619 865 759 914 Theory
786 867 864 903 and
886 866 1066 904 practice.

179 969 429 1008 Heracleotes
459 970 678 1020 Dionysius,
709 983 826 1020 quum
857 983 879 1008 a
911 971 1068 1008 Zenone
1099 970 1204 1007 fortis
1235 981 1318 1007 esse
1348 969 1443 1006 didi-

126 1036 248 1081 cisset,
288 1048 311 1073 a
359 1036 489 1074 dolore
533 1037 720 1074 deductus
763 1043 831 1074 est.
900 1036 1003 1073 Nam
1048 1048 1166 1085 quum
1204 1048 1250 1073 ex
1289 1035 1444 1073 renibus

124 1100 323 1146 laboraret,
358 1101 443 1151 ipso
477 1102 515 1138 in
550 1101 688 1139 eiulatu
721 1101 949 1147 clamitabat,
985 1101 1079 1138 falsa
1117 1113 1200 1138 esse
1239 1100 1309 1146 illa,
1345 1112 1443 1150 quae

125 1172 237 1203 antea
275 1166 323 1204 de
362 1166 492 1204 dolore
530 1167 612 1217 ipse
651 1167 842 1206 sensisset.
912 1166 1041 1213 Quem
1079 1178 1198 1216 quum
1238 1166 1442 1204 Cleanthes

125 1230 408 1280 condiscipulus
446 1237 608 1281 rogaret,
648 1244 838 1281 quaenam
883 1232 978 1269 ratio
1027 1243 1114 1269 eum
1162 1231 1210 1268 de
1257 1231 1478 1278 sententia5

124 1295 355 1342 deduxisset,
386 1297 592 1346 respondit,
622 1296 757 1343 ‘Quia,
782 1309 901 1346 quum
929 1303 1077 1334 tantum
1106 1308 1246 1346 operae
1276 1297 1444 1346 philoso-

124 1361 236 1410 phiae
275 1361 478 1408 dedissem,
519 1362 692 1400 dolorem
731 1368 860 1399 tamen
899 1362 994 1399 ferre
1033 1374 1112 1399 non
1151 1374 1319 1411 possem,
1354 1363 1443 1400 satis

124 1433 225 1465 esset
263 1427 490 1476 argumenti,
529 1427 672 1464 malum
712 1439 795 1465 esse
836 1427 1019 1466 dolorem.
1090 1427 1279 1465 Plurimos
1316 1434 1443 1465 autem

124 1504 247 1530 annos
276 1492 314 1529 in
342 1492 587 1542 philosophia
616 1493 850 1542 consumpsi,
871 1505 942 1530 nec
966 1492 1061 1530 ferre
1085 1504 1267 1541 possum:
1301 1492 1443 1529 malum

123 1563 181 1595 est
209 1557 322 1607 igitur
353 1556 484 1595 dolor.'
543 1557 646 1595 Tum
667 1557 905 1604 Cleanthem,
927 1570 1045 1607 quum
1071 1558 1170 1608 pede
1196 1564 1331 1595 terram
1359 1570 1443 1608 per·
1465 1574 1503 1597 10

124 1623 314 1670 cussisset,
335 1636 486 1661 versum
507 1636 554 1661 ex
575 1623 764 1673 Epigonis
784 1623 908 1661 ferunt
929 1624 1091 1661 dixisse:

394 1712 527 1741 Audisne
550 1711 632 1747 haec,
650 1710 842 1750 Amphiarae,
859 1711 912 1741 sub
935 1715 1046 1741 terram
1069 1710 1192 1741 abdite?

125 1791 323 1829 Zenonem
372 1789 632 1838 significabat:
680 1802 703 1826 a
739 1800 817 1838 quo
855 1788 959 1826 illum
1001 1789 1232 1838 degenerare
1278 1788 1441 1826 dolebat.

124 1857 176 1895 At
213 1868 293 1894 non
331 1861 464 1893 noster
503 1855 744 1901 Posidonius,
784 1866 899 1904 quern
936 1861 973 1892 et
1011 1855 1092 1904 ipse
1131 1866 1245 1904 saepe
1282 1855 1367 1900 vidi,
1405 1860 1442 1892 et

123 1923 160 1960 id
191 1922 316 1960 dicam
345 1921 450 1970 quod
480 1921 626 1958 solebat
660 1933 811 1958 narrare
849 1920 1069 1969 Pompeius,
1100 1932 1151 1965 se,
1182 1931 1300 1968 quum
1335 1919 1440 1957 Rho·
1461 1933 1498 1965 15

123 1988 216 2025 dum
249 1986 414 2025 venisset
453 1986 643 2024 decedens
681 1998 729 2023 ex
769 1985 885 2035 Syria,
919 1985 1048 2023 audire
1081 1985 1245 2022 voluisse
1283 1985 1441 2022 Posido-

122 2053 252 2089 nium:
300 2051 368 2089 sed
413 2063 532 2100 quum
570 2051 785 2096 audivisset,
824 2062 913 2088 eum
951 2049 1112 2099 graviter
1149 2061 1234 2087 esse
1272 2061 1440 2099 aegrum,

123 2117 228 2167 quod
269 2116 515 2154 vehementer
562 2116 642 2153 eius
689 2122 790 2153 artus
837 2115 1063 2161 laborarent,
1102 2114 1266 2152 voluisse
1312 2122 1440 2153 tamen

122 2181 402 2220 nobilissimum
444 2180 718 2230 philosophum
759 2180 900 2218 visere:
957 2192 1071 2229 quem
1117 2186 1158 2217 ut
1204 2180 1357 2217 vidisset
1403 2186 1441 2217 et

123 2247 359 2286 salutavisset
387 2245 684 2295 honorificisque
713 2245 836 2283 verbis
864 2252 1090 2295 prosecutus
1127 2251 1227 2282 esset
1263 2245 1438 2284 moleste·
1459 2257 1499 2279 20

123 2325 196 2363 que
236 2323 276 2349 se
315 2310 471 2348 dixisset
510 2310 616 2356 ferre,
655 2310 759 2360 quod
797 2323 885 2348 eum
923 2322 1003 2348 non
1041 2318 1172 2360 posset
1209 2311 1338 2348 audire
1350 2324 1360 2358 3
1402 2318 1440 2349 at

125 2379 195 2423 ille,
232 2376 318 2414 ‘Tu
352 2375 463 2422 νει-ο,1
499 2376 632 2424 inquit,
669 2379 822 2424 ‘potcs:
870 2387 941 2413 nce
974 2375 1223 2422 committam,
1257 2383 1297 2414 ut
1331 2376 1439 2414 dolor
