1629 2553
167 126 217 153 20
514 120 756 153 EXTRAC'TS
786 121 922 152 FROM
951 122 1126 153 CICERO.

167 215 290 252 ‘Nam
338 216 398 253 cui
445 216 549 261 viro,’
599 216 732 265 inquit,
773 218 842 252 ‘ex
882 228 920 253 se
959 217 1044 264 ipso
1088 221 1176 264 apta
1224 222 1310 253 sunt
1356 216 1484 253 onmia

166 294 262 330 quae
292 281 340 318 ad
370 282 480 318 beate
510 281 715 318 vivendum
746 280 881 325 ferunt,
913 292 984 318 nec
1017 292 1205 329 suspensa
1234 281 1394 318 aliorum
1423 286 1486 317 aut

166 347 273 384 bono
313 358 403 384 casu
443 352 506 383 aut
544 346 734 383 contrario
772 345 940 395 pendere
979 358 1025 383 ex
1071 346 1225 383 alterius
1264 346 1406 383 eventis
1451 351 1488 382 et

169 425 291 449 errare
327 418 529 460 coguntur,
564 411 651 448 huic
681 411 824 460 optime
853 410 1002 448 vivendi
1036 411 1130 448 ratio
1161 417 1382 460 comparata
1419 416 1485 447 est.
1506 425 1547 447 20

171 477 247 515 Hic
268 483 325 514 est
346 477 405 514 ille
426 476 660 522 moderatus,
682 476 742 513 hic
763 476 878 521 sortis,
900 476 961 513 hic
989 476 1152 525 sapiens,
1174 475 1246 520 hic,
1268 483 1303 513 et
1327 487 1487 512 nascen-

170 543 268 580 tibus
305 549 341 580 et
371 534 595 580 cadentibus
625 554 743 591 quum
777 542 929 590 reliquis
964 541 1179 579 commodis
1213 547 1294 578 tum
1323 542 1488 578 maxime

170 608 308 652 liberis,
332 607 478 656 parebit
499 612 535 643 et
555 606 709 643 obediet
730 612 936 655 praecepto
957 606 1008 642 illi
1030 606 1164 643 veteri:

369 706 476 744 Neque
500 705 579 735 enim
605 705 763 735 laetabitur
787 715 930 744 umquam
956 715 1010 734 nec
1035 705 1179 734 maerebit
1205 705 1300 740 nimis,

373 760 465 796 Quod
489 769 605 798 semper
631 759 659 788 in
684 769 713 788 se
737 759 801 797 ipso
826 768 949 789 omnem
974 769 1055 797 spem
1081 764 1202 798 reponet
1227 758 1294 789 sui.'
1509 768 1547 800 25

479 901 546 934 24.
586 895 718 944 Bodz'ly
748 895 894 946 Defecls
922 898 1169 945 compensaled.

226 1001 418 1039 Diodotus
442 1001 593 1039 Stoicus
622 1013 759 1038 caecus
779 1000 917 1038 multos
939 1013 1061 1038 annos
1091 1009 1244 1040 nostrae
1266 1003 1491 1044 cto1ni‚vixit.

174 1068 212 1105 Is
233 1080 330 1114 vero,
353 1067 458 1117 quod
480 1067 658 1105 credibile
679 1067 739 1103 vix
770 1073 881 1112 esset,
902 1079 1020 1115 quum
1042 1067 1080 1103 in
1109 1068 1354 1118 philosophia
1373 1069 1493 1106 multo

174 1134 286 1171 etiam
307 1134 430 1182 magis
458 1133 608 1170 assidue
630 1145 745 1182 quam
777 1138 889 1169 antea
908 1140 1129 1179 versaretur,
1150 1140 1187 1170 et
1217 1146 1334 1183 quum
1356 1135 1493 1172 fidibus

175 1198 504 1247 Pythagoreorum
536 1210 643 1235 more
677 1204 853 1242 uteretur,
887 1209 1082 1247 quumque
1117 1198 1151 1235 ei
1182 1198 1264 1235 libri
1295 1206 1428 1237 noctes
1458 1207 1494 1237 et

176 1264 255 1301 dies
284 1263 508 1312 legerentur,
545 1263 683 1312 quibus
713 1263 752 1299 in
788 1262 920 1300 studiis
951 1262 1070 1299 oculis
1105 1275 1184 1300 non
1217 1265 1366 1313 egebat,
1401 1270 1492 1311 tum,
1513 1282 1530 1313 5

175 1329 279 1378 quod
309 1329 390 1366 sine
421 1329 543 1366 oculis
574 1329 652 1365 fieri
680 1339 794 1377 posse
827 1328 885 1364 vix
916 1327 1071 1373 videtur,
1093 1330 1326 1377 geometriae
1355 1342 1494 1367 munus

176 1395 360 1440 tuebatur,
381 1394 505 1431 verbis
533 1394 771 1443 praecipiens
793 1393 1036 1439 discentibus,
1058 1394 1172 1440 unde,
1195 1407 1271 1444 quo
1301 1407 1494 1444 quamque

176 1460 315 1497 lineam
365 1459 581 1497 scriberent.
651 1458 923 1508 Asclepiadem
973 1458 1107 1505 ferunt,
1155 1472 1234 1497 non
1287 1461 1494 1509 ignobilem

178 1525 390 1562 Eretricum
427 1523 711 1573 philosophum,
751 1536 870 1573 quum
909 1524 1065 1573 quidam
1104 1532 1300 1574 quaereret
1332 1525 1424 1575 quid
1463 1526 1496 1563 ei

179 1590 340 1628 caecitas
375 1590 570 1635 attulisset,
604 1590 862 1639 respondisse,
895 1601 1014 1639 puero
1049 1596 1089 1626 ut
1132 1602 1210 1628 uno
1242 1598 1342 1628 esset
1377 1591 1496 1628 comi-
1520 1606 1556 1628 ιο

180 1657 300 1694 tatior.
358 1655 411 1693 Ut
458 1656 561 1692 enim
599 1655 656 1693 vel
695 1667 845 1693 summa
884 1663 1087 1704 paupertas
1126 1656 1329 1694 tolerabilis
1369 1657 1426 1703 sit,
1467 1657 1497 1694 si

180 1722 299 1764 liceat,
331 1720 437 1770 quod
466 1721 697 1770 quibusdam
718 1721 876 1759 Graecis
907 1721 1100 1771 quotidie:
1137 1722 1190 1759 sic
1220 1722 1382 1759 caecitas
1413 1722 1496 1759 ferri

182 1787 289 1826 facile
323 1787 454 1835 possit,
490 1787 518 1824 si
552 1799 632 1824 non
667 1787 791 1824 desint
823 1787 991 1824 subsidia
1024 1786 1294 1823 valetudinum.
1352 1787 1498 1825 Demo-

183 1853 306 1899 critus,
327 1852 533 1889 luminibus
562 1852 723 1898 amissis,
745 1852 830 1888 alba
858 1852 999 1889 scilicet
1021 1859 1056 1889 et
1084 1859 1163 1889 atra
1184 1852 1398 1890 discernere
1419 1865 1496 1890 non

183 1924 341 1969 poterat.
398 1917 450 1954 At
470 1930 559 1955 vero
587 1919 690 1955 bona
719 1917 830 1962 mala,
861 1930 983 1966 aequa
1011 1917 1151 1966 iniqua,
1176 1916 1336 1955 honesta
1365 1919 1498 1967 turpia,
1524 1934 1557 1965 ¹5

183 1985 287 2023 utilia
306 1984 461 2030 inutilia,
482 1996 623 2032 magna
650 1995 765 2032 parva
785 1989 944 2031 poterat,
965 1989 1002 2019 et
1030 1983 1110 2019 sine
1131 1983 1307 2020 varietate
1327 1983 1497 2021 colorum

183 2050 321 2087 licebat
341 2049 461 2086 vivere
493 2049 613 2095 beate,
637 2049 716 2086 sine
738 2048 895 2085 notione
925 2060 1049 2085 rerum
1070 2060 1149 2085 non
1170 2048 1316 2086 licebat.
1373 2049 1501 2098 Atque

184 2116 245 2153 hic
266 2115 318 2151 vir
347 2114 521 2163 impediri
552 2115 665 2151 etiam
695 2113 810 2150 animi
841 2114 960 2150 aciem
991 2120 1147 2162 aspectu
1176 2113 1374 2151 oculorum
1405 2115 1496 2151 arbi-

184 2181 375 2218 trabatur:
415 2186 461 2225 et,
494 2191 613 2228 quum
646 2179 705 2216 alii
738 2191 851 2228 saepe
886 2179 991 2228 quod
1023 2186 1110 2216 ante
1142 2178 1260 2227 pedes
1292 2175 1392 2216 esset
1422 2191 1500 2217 non

185 2247 365 2291 viderent,
406 2245 465 2282 ille
506 2245 730 2282 infinitatem
770 2257 927 2282 omnem
965 2245 1201 2293 peragrabat,
1240 2251 1279 2282 ut
1324 2245 1425 2282 nulla
1463 2246 1501 2282 in
1526 2257 1562 2279 20

186 2311 422 2349 extremitate
471 2311 705 2348 consisteret.
774 2309 974 2348 Traditum
1023 2317 1079 2347 est
1126 2310 1238 2347 etiam
1287 2309 1502 2348 Homerum

187 2388 345 2414 caecum
387 2376 511 2413 luisse.
570 2376 621 2413 At
660 2375 740 2412 cius
779 2375 977 2424 picturam,
1019 2387 1097 2413 non
1138 2376 1282 2423 poesin,
1323 2375 1504 2414 videmus.
