1629 2553
125 104 178 146 70
469 100 713 132 EXTRACTS
743 99 882 131 FROM
907 98 1084 130 CICERO.

124 197 281 234 fuissent
311 209 332 233 a
361 195 493 233 Paullo
523 201 559 232 et
588 194 761 231 Varrone
792 193 1026 231 consulibus,
1084 192 1164 230 Eos
1186 198 1340 230 senatus
1362 204 1442 229 non

124 262 270 300 censuit
290 260 546 305 redimendos,
569 272 686 310 quum
714 259 753 296 id
778 269 894 308 parva
923 257 1087 306 pecunia
1111 256 1190 294 fieri
1219 264 1371 305 posset;
1402 264 1442 293 ut

124 333 224 364 esset
252 326 407 363 insitum
433 325 613 362 militibus
643 324 781 362 nostris
808 330 871 360 aut
897 323 1047 359 vincere
1075 328 1140 359 aut
1165 322 1296 359 emori.
1354 321 1443 367 Qua

125 391 279 441 quidem
300 403 339 428 re
367 390 506 436 audita,
528 389 688 427 fractum
713 389 884 426 animum
912 387 1142 424 Hannibalis
1170 387 1298 424 scribit
1327 387 1441 432 idem,
1463 397 1502 419 20

125 456 231 506 quod
261 463 415 493 senatus
444 454 689 504 populusque
721 453 923 491 Romanus
952 452 1065 490 rebus
1094 452 1241 490 afflictis
1270 458 1348 489 tam
1379 464 1443 489 ex-

125 522 227 559 celso
257 521 387 558 animo
417 519 557 557 fuisset.
621 519 682 556 Sic
711 518 922 556 honestatis
953 518 1241 566 comparatione
1271 529 1316 554 ea
1345 529 1443 565 quae

125 587 297 624 videntur
318 586 422 623 utilia
441 586 651 623 vincuntur.
709 585 852 622 Acilius
880 590 1019 628 autern,
1041 584 1103 632 qui
1126 582 1273 620 Graece
1295 584 1445 632 scripsit

127 653 334 697 historiam,
356 651 481 700 plures
510 650 561 688 ait
591 650 705 688 fuisse
730 650 794 699 qui
819 650 858 686 in
887 655 1010 686 castra
1041 649 1281 685 revertissent
1310 648 1445 684 eadem

127 717 269 763 fraude,
308 722 349 753 ut
386 714 628 753 iureiurando
669 715 928 759 liberarentur,
970 726 1115 764 eosque
1158 726 1180 750 a
1223 713 1446 750 censoribus
1467 724 1505 755 ²5

127 784 308 821 omnibus
328 781 549 831 ignominiis
569 787 734 818 notatos.

519 907 580 941 18.
620 901 655 939 A
689 901 925 950 questzbnable
957 901 1060 940 Case.

181 1011 229 1049 T.
277 1008 456 1047 Veturius
496 1014 532 1046 et
567 1007 629 1056 Sp.
667 1006 898 1052 Postumius,
938 1018 1057 1055 quum
1097 1007 1231 1044 iterum
1272 1004 1449 1042 consules

128 1083 266 1121 essent,
302 1075 401 1123 quia,
438 1085 556 1123 quum
587 1071 685 1109 male
720 1078 933 1120 pugnatum
975 1071 1077 1120 apud
1113 1070 1304 1108 Caudium
1338 1077 1448 1114 esset,

128 1141 344 1191 legionibus
365 1139 505 1176 nostris
526 1138 598 1175 sub
619 1138 751 1185 iugum
771 1137 908 1183 missis,
937 1149 1073 1186 pacem
1100 1148 1188 1172 cum
1216 1134 1450 1172 Samnitibus

129 1208 308 1251 fecerant,
343 1203 460 1242 dediti
494 1209 582 1240 sunt
616 1202 688 1239 iis:
737 1202 882 1240 iniussu
916 1203 1019 1240 enim
1053 1200 1185 1250 populi
1221 1206 1451 1249 senatusque

130 1273 318 1311 fecerant:
350 1270 567 1318 eodemque
587 1274 761 1316 tempore
783 1267 843 1304 Ti.
866 1267 1080 1312 Numicius,
1103 1266 1152 1312 Q.
1185 1265 1358 1310 Maelius,
1387 1265 1450 1314 qui
1469 1278 1486 1309 5

129 1346 211 1376 tum
240 1336 380 1374 tribuni
410 1335 530 1384 plebis
558 1340 673 1378 erant,
706 1333 810 1382 quod
839 1345 974 1370 eorum
1008 1332 1230 1370 auctoritate
1263 1343 1338 1379 pax
1373 1338 1452 1367 erat

132 1404 239 1448 facta,
263 1402 378 1439 dediti
409 1406 507 1445 sunt,
543 1405 582 1436 ut
616 1410 693 1447 pax
729 1398 958 1435 Samnitium
993 1397 1266 1446 repudiaretur.
1323 1396 1451 1445 Atque

129 1469 239 1507 huius
277 1466 480 1504 deditionis
519 1465 601 1514 ipse
640 1463 860 1501 Postumius
900 1464 964 1512 qui
1003 1463 1212 1500 dedebatur
1247 1473 1382 1499 suasor
1415 1468 1451 1499 et

129 1541 261 1573 auctor
282 1532 360 1570 fuit.
419 1530 539 1576 Quod
559 1529 661 1566 idem
682 1528 808 1566 multis
829 1529 938 1566 annis
959 1535 1046 1577 post
1068 1527 1110 1564 C.
1133 1526 1349 1571 Mancinus,
1375 1527 1450 1575 qui,

130 1607 170 1638 ut
202 1597 461 1641 Numantinis,
497 1595 726 1644 quibuscum
757 1594 838 1632 sine
873 1601 1027 1631 senatus
1058 1593 1281 1631 auctoritate
1316 1592 1451 1630 foedus
1474 1608 1511 1630 ιο

133 1668 283 1710 fecerat,
321 1663 533 1707 dederetur,
569 1662 812 1710 rogationem
840 1661 957 1698 suasit
981 1672 1066 1697 earn
1097 1671 1214 1709 quam
1243 1658 1283 1696 P.
1305 1659 1451 1704 Furius,

133 1732 218 1770 Sex.
248 1730 386 1767 Atilius
411 1741 457 1766 ex
488 1733 642 1765 senatus
669 1725 845 1763 consulto
874 1725 1066 1762 serebant:
1098 1736 1174 1773 qua
1199 1730 1368 1773 accepta,
1396 1731 1452 1761 est

131 1797 305 1835 hostibus
327 1795 487 1832 deditus.
546 1791 762 1829 Honestius
783 1790 856 1836 hic,
886 1802 1001 1840 quam
1029 1789 1078 1836 Q.
1108 1789 1328 1837 Pompeius,
1360 1801 1450 1837 quo,

133 1875 251 1912 quum
273 1862 311 1898 in
332 1860 467 1898 eadem
489 1870 604 1896 causa
624 1863 736 1902 esset,
758 1855 1000 1905 deprecante,
1021 1861 1179 1903 accepta
1199 1854 1258 1890 lex
1279 1865 1359 1890 non
1384 1861 1451 1891 est.

134 1929 210 1966 Hic
240 1939 285 1965 ea
314 1938 411 1975 quae
438 1924 635 1961 videbatur
658 1922 796 1959 utilitas
827 1921 912 1970 plus
947 1921 1060 1957 valuit
1093 1932 1210 1968 quarn
1244 1919 1450 1963 honestas;
1474 1930 1510 1962 15

132 1994 235 2044 apud
256 1993 470 2042 superiores
491 1989 657 2027 utilitatis
685 1988 833 2038 species
858 1986 952 2023 salsa
979 1987 1026 2023 ab
1053 1984 1265 2022 honestatis
1290 1984 1451 2021 auctori-

133 2067 206 2098 tate
229 2064 406 2107 superata
426 2062 492 2094 est.

346 2199 411 2234 19.
456 2192 494 2230 T
488 2193 530 2230 he
558 2190 676 2228 Laws
705 2188 753 2238 (ff
779 2188 867 2226 War
895 2185 1036 2231 strictly
1064 2182 1237 2221 observed.

190 2304 282 2342 Belli
304 2301 473 2350 aequitas
500 2295 736 2335 sanctissime
764 2291 876 2330 fetiali
903 2288 1035 2339 populi
1065 2286 1233 2324 Romani
1264 2286 1342 2323 iure
1370 2297 1453 2334 per-

138 2371 278 2419 scripta
307 2374 375 2405 est.
445 2364 504 2400 Ex
544 2373 620 2411 quo
659 2358 814 2405 intelligi
849 2362 975 2404 potest
1007 2352 1152 2390 nullum
1190 2350 1331 2388 bellurn
1371 2362 1455 2388 esse
