1629 2553
631 99 805 130 ROMAN
832 100 1116 133 ANECDOTES.
1483 103 1536 147 75

213 193 322 230 hasta
342 204 422 230 non
442 194 619 231 recessit:
658 193 750 231 alter
779 200 917 240 autem,
940 195 1003 244 qui
1036 195 1074 231 in
1105 195 1166 232 illa
1197 195 1381 233 dictatura
1411 196 1533 233 scriba

213 257 343 300 fuerat,
361 259 399 295 in
425 258 497 296 hac
523 259 592 297 suit
617 266 795 309 quaestor
814 260 993 297 urbanus.
1050 259 1110 297 Ex
1131 272 1208 310 quo
1229 260 1342 298 debet
1363 261 1531 310 intelligi,

213 323 349 360 talibus
380 324 557 373 praemiis
586 325 804 374 propositis,
833 336 1044 374 numquam
1075 325 1248 363 defutura
1276 325 1374 362 bella
1403 326 1533 363 civilia.

153 404 192 436 35
214 388 349 438 Itaque
377 389 539 438 parietes
564 390 683 427 modo
711 389 826 428 Urbis
850 396 950 427 stant
970 397 1007 428 et
1027 397 1196 437 manent,
1224 391 1326 440 iique
1355 390 1426 439 ipsi
1456 391 1533 427 iarn

214 460 385 491 extrema
427 455 570 492 scelera
612 462 824 493 metuentes
837 469 846 502 ;
895 468 975 493 rem
1014 468 1104 494 vero
1148 456 1339 506 publicam
1382 456 1535 505 penitus

214 520 421 557 amisimus.
480 521 607 570 Atque
638 522 676 558 in
706 521 775 558 has
809 521 936 558 clades
965 521 1178 568 incidimus,
1210 521 1447 558 redeundum
1478 527 1535 557 est

214 586 316 622 enim
354 586 403 622 ad
440 587 692 635 propositum,
723 587 816 624 dum
848 587 965 625 metui
1000 599 1116 637 quam
1147 587 1223 625 cari
1252 599 1336 625 esse
1366 594 1402 624 et
1433 586 1535 634 diligi

214 650 416 689 malumus.

724 794 792 828 22.
830 790 864 827 A
901 790 1026 830 Cheat.

270 916 315 954 C.
345 915 500 962 Canius,
529 927 647 967 eques
676 915 891 964 Romanus,
921 930 993 956 nec
1021 918 1207 956 infacetus
1237 925 1274 956 et
1304 918 1393 956 satis
1422 917 1537 956 litter-

216 988 310 1028 atus,
341 995 460 1032 quum
497 994 537 1020 se
577 982 784 1033 Syracusas
823 984 980 1030 otiandi,
1019 991 1059 1021 ut
1097 985 1180 1034 ipse
1215 984 1340 1022 dicere
1378 983 1537 1029 solebat,

216 1060 296 1086 non
343 1048 566 1097 negotiandi
614 1061 730 1086 causa
773 1049 1007 1095 contulisset,
1048 1050 1243 1088 dictitabat
1285 1062 1325 1087 se
1369 1049 1540 1087 hortulos

215 1114 365 1163 aliquos
385 1126 512 1151 emere
534 1114 639 1160 velle,
660 1127 738 1164 quo
764 1115 920 1153 invitare
948 1116 1094 1153 amicos
1121 1121 1158 1152 et
1183 1116 1248 1152 ubi
1278 1127 1319 1152 se
1348 1114 1540 1152 oblectare

178 1198 193 1229 5
216 1180 298 1217 sine
336 1179 679 1228 interpellatoribus
717 1187 860 1229 posset.
932 1180 1051 1227 Quod
1090 1192 1212 1230 quum
1250 1180 1538 1229 percrebuisset,

215 1245 372 1295 Pythius
400 1245 434 1282 ei
465 1245 632 1294 quidam,
664 1246 728 1295 qui
757 1247 1010 1295 argentariam
1039 1246 1181 1284 faceret
1213 1246 1422 1296 Syracusis,
1448 1245 1541 1282 dixit

215 1310 368 1348 venales
398 1310 553 1360 quidem
583 1322 623 1348 se
654 1310 787 1348 hortos
816 1323 895 1348 non
924 1311 1077 1357 habere,
1099 1312 1167 1349 sed
1186 1312 1298 1349 licere
1323 1311 1376 1348 uti
1403 1310 1539 1355 Canio,

216 1376 246 1413 si
270 1375 391 1420 vellet,
419 1382 459 1412 ut
483 1376 586 1412 suis:
625 1382 662 1412 et
694 1375 806 1413 simul
839 1376 888 1413 ad
923 1389 1084 1414 caenam
1114 1377 1312 1414 hominem
1340 1376 1380 1412 in
1409 1375 1540 1413 hortos

215 1441 381 1478 invitavit
419 1441 457 1477 in
495 1447 694 1490 posterum
732 1442 845 1479 diem.
905 1441 1038 1488 Quum
1078 1442 1138 1480 ille
1174 1441 1424 1492 promisisset,
1458 1447 1539 1478 tum

159 1523 195 1545 10
216 1506 384 1556 Pythius,
405 1507 469 1555 qui
498 1513 609 1552 esset,
629 1513 670 1544 ut
699 1507 948 1556 argentarius,
970 1507 1073 1557 apud
1102 1520 1239 1545 omnes
1269 1507 1424 1545 ordines
1453 1519 1540 1556 gra-

215 1573 345 1618 tiosus,
386 1572 597 1620 piscatores
636 1572 685 1609 ad
723 1584 764 1609 se
803 1573 1039 1618 convocavit,
1079 1580 1116 1610 et
1150 1574 1198 1610 ab
1240 1573 1285 1610 iis
1332 1572 1462 1621 petivit
1499 1578 1540 1609 ut

215 1644 302 1675 ante
332 1649 422 1675 suos
450 1637 622 1674 hortulos
652 1637 833 1686 postridie
867 1638 1114 1686 piscarentur,
1149 1638 1319 1687 dixitque
1349 1637 1442 1686 quid
1471 1649 1539 1674 eos

216 1703 337 1741 faeere
357 1703 478 1740 vellet.
536 1702 601 1740 Ad
632 1715 793 1740 caenam
822 1710 997 1752 tempore
1022 1704 1124 1740 venit
1152 1702 1308 1741 Canius.
1367 1702 1538 1752 Opipare

214 1781 237 1806 a
278 1768 414 1818 Pythio
458 1775 684 1817 apparatum
726 1768 965 1815 convivium5
1010 1770 1234 1818 cymbarum
1274 1774 1361 1806 ante
1404 1767 1538 1805 oculos

156 1854 192 1885 15
215 1834 440 1880 multitudo;
484 1846 554 1883 pro
589 1846 630 1871 se
669 1835 829 1884 quisque
867 1835 972 1883 quod
1010 1842 1163 1884 ceperat
1201 1835 1406 1880 afferebat;
1451 1840 1537 1871 ante

214 1900 333 1949 pedes
364 1899 487 1948 Pythii
521 1900 646 1948 pisces
676 1900 960 1937 abiiciebantur.
1018 1901 1123 1938 Tum
1153 1900 1310 1945 Canius,
1333 1897 1537 1945 ‘Quaeso,’

213 1966 346 2014 inquit,
369 1969 377 1985 ‘
393 1966 484 2015 quid
505 1972 562 2003 est
581 1965 666 2011 hoc,
688 1965 826 2015 Pythi?
874 1966 1096 2004 Tantumne
1117 1967 1307 2016 piscium?
1337 1972 1537 2003 tantumne

213 2031 478 2081 cymbarum?'
539 2031 586 2069 Et
619 2031 690 2076 ille,
727 2030 856 2077 ‘Quid
893 2030 1074 2069 mirum?'
1114 2033 1259 2081 inquit:
1309 2031 1406 2069 ‘hoc
1447 2031 1535 2068 loco

213 2103 281 2142 est,
305 2096 501 2146 Syracusis
531 2096 717 2145 quidquid
747 2103 803 2134 est
832 2097 1020 2145 piscium:
1059 2097 1120 2135 hic
1144 2097 1320 2147 aquatio:
1359 2096 1431 2134 hac
1452 2095 1538 2133 villa

154 2181 194 2202 20
212 2162 271 2199 isti
301 2173 429 2199 carere
457 2173 536 2199 non
565 2160 753 2211 possunt?
810 2161 996 2200 Incensus
1031 2161 1175 2200 Canius
1205 2162 1411 2212 cupiditate
1441 2173 1533 2199 con-

212 2228 333 2265 tendit
371 2239 394 2264 a
431 2227 566 2276 Pythio
605 2234 645 2264 ut
682 2227 875 2264 venderet.
933 2227 1098 2266 Gravate
1137 2228 1196 2266 ille
1234 2228 1372 2277 primo.
1431 2227 1536 2274 Quid

212 2293 355 2330 multa?
403 2293 590 2341 impetrat.
657 2291 760 2329 Emit
797 2292 917 2330 homo
955 2293 1117 2343 cupidus
1157 2300 1193 2331 et
1231 2292 1403 2343 locuples
1441 2293 1535 2330 tanti

213 2358 344 2408 quanti
384 2357 539 2408 Pythius
578 2357 704 2404 voluit,
744 2364 780 2396 et
819 2359 910 2396 emit
948 2359 1174 2397 instructos:
1232 2358 1390 2396 nomina
1432 2357 1533 2402 facit,
