1629 2553
86 89 141 129 60
433 99 678 131 EXTRACTS
707 99 842 130 FROM
873 99 1052 130 CICERO.

87 194 296 244 quintoque
326 206 429 231 anno
450 200 537 243 post
567 194 615 230 ad
637 192 859 230 Tarentum.
920 192 1112 239 Quaestor
1142 191 1280 230 deinde
1310 202 1404 241 qua-

87 260 260 297 driennio
299 266 386 308 post
425 259 545 297 sactus
577 271 683 296 sum:
728 271 844 308 quem
879 259 1142 307 magistratum
1176 257 1276 307 gessi
1313 268 1406 294 con-

86 325 227 362 sulibus
255 324 451 362 Tuditano
481 330 518 361 et
548 323 734 373 Cethego,
755 336 875 373 quum
905 323 1061 373 quidem
1090 322 1162 368 ille,
1193 321 1404 360 admodum

86 403 213 436 senex,
235 402 369 428 suasor
388 390 482 439 legis
504 388 660 427 Cinciae
682 389 728 426 de
749 389 861 426 donis
882 395 918 426 et
945 388 1166 426 muneribus
1187 387 1265 425 suit.
1327 386 1405 424 Hic

86 462 121 492 et
141 454 239 492 bella
266 455 422 504 gerebat
441 461 482 492 ut
511 453 746 500 adolescens,
768 466 887 503 quum
917 453 1030 503 plane
1059 452 1214 502 grandis
1235 459 1347 498 esset,
1369 458 1406 488 et

88 519 347 557 Hannibalem
368 519 575 564 iuveniliter
600 519 854 556 exsultantem
882 518 1062 568 patientia
1083 529 1151 556 sua
1174 518 1395 555 molliebat:

86 585 132 621 de
153 597 230 634 quo
252 585 443 634 praeclare
465 583 658 621 familiaris
678 591 809 621 noster
830 583 1002 620 Ennius:

299 689 383 718 Unus
406 688 500 718 homo
523 689 608 718 nobis
632 688 802 718 cunctando
828 687 959 717 restituit
983 697 1058 718 rem.

299 743 368 772 Non
393 744 530 782 ponebat
554 743 634 772 enim
660 753 794 772 rumores
819 748 889 772 ante
913 742 1050 772 salutem.

298 797 378 838 Ergo
403 803 529 837 postque
553 798 710 838 magisque
736 797 789 827 viri
815 807 892 826 nunc
916 797 1010 837 gloria
1034 796 1136 826 claret.

84 907 296 944 Tarentum
327 919 415 944 vero
445 920 521 956 qua
540 907 744 957 vigilantia,
774 919 853 956 quo
883 906 1042 944 consilio
1072 905 1235 955 recepit!
1286 918 1405 955 quum

83 972 249 1022 quidem,
271 985 333 1010 me
362 973 552 1018 audiente,
581 973 793 1019 Salinatori,
814 973 879 1021 qui
909 972 1052 1009 amisso
1082 972 1228 1021 oppido
1258 971 1406 1020 fugerat

84 1039 120 1075 in
146 1050 283 1083 arcem,
305 1037 481 1087 glorianti
510 1044 624 1088 atque
654 1039 704 1075 ita
733 1038 896 1075 dicenti:
939 1037 1053 1075 ‘Mea
1079 1049 1209 1087 opera,
1231 1037 1280 1084 Q.
1300 1037 1404 1084 Fabi,

82 1103 294 1141 Tarentum
325 1103 499 1153 recepisti
513 1103 534 1142 :’
577 1102 738 1149 ‘Certe,'
770 1103 889 1153 inquit
919 1103 1071 1141 ridens:
1119 1107 1231 1140 ‘nam
1266 1103 1337 1140 nisi
1366 1110 1405 1140 tu

83 1168 290 1215 amisisses,
339 1180 550 1218 numquam
597 1168 851 1218 recepisse1n.’
936 1168 1020 1206 Nec
1068 1180 1158 1206 vero
1205 1169 1243 1205 in
1291 1168 1405 1205 armis

84 1234 336 1283 praestantior
367 1246 483 1283 quam
516 1234 554 1271 in
589 1240 701 1283 toga,
747 1234 823 1282 qui,
858 1233 992 1271 consul
1033 1234 1179 1280 iterum,
1213 1234 1278 1283 Sp.
1312 1233 1405 1271 Car-

83 1299 168 1337 vilio
198 1299 345 1348 collega
378 1299 610 1349 quiescente,
643 1298 687 1337 (3.
723 1299 911 1336 Flaminio
941 1299 1094 1336 tribuno
1124 1299 1246 1348 plebis
1277 1299 1405 1349 quoad

83 1365 204 1414 potuit
237 1365 380 1410 restitit,
414 1377 549 1414 agrum
584 1365 780 1403 Picentem
815 1372 851 1402 et
886 1363 1076 1403 Gallicum
1105 1365 1242 1403 viritim
1271 1372 1403 1403 contra

83 1437 236 1467 senatus
257 1430 521 1467 auctoritatem
549 1429 752 1477 dividenti;
783 1442 979 1479 augurque
1006 1443 1125 1480 quum
1147 1437 1257 1476 esset,
1280 1431 1405 1469 dicere

81 1508 196 1532 ausus
235 1502 290 1532 est
329 1495 485 1544 optimis
524 1495 704 1544 auspiciis
742 1507 786 1532 ea
820 1496 900 1544 geri
934 1508 1031 1545 quae
1065 1508 1134 1545 pro
1174 1496 1405 1545 reipublicae

81 1561 201 1599 salute
257 1568 499 1610 gererentur;
558 1573 656 1610 quae
705 1567 840 1598 contra
896 1562 1173 1610 rempublicam
1221 1562 1405 1600 ferrentur

81 1634 213 1665 contra
242 1627 410 1677 auspicia
440 1627 538 1665 ferri.
596 1626 719 1664 Multa
747 1627 785 1663 in
815 1638 862 1664 eo
891 1627 970 1664 viro
1006 1628 1198 1676 praeclara
1218 1629 1405 1677 cognovi:

81 1694 148 1731 sed
178 1693 270 1730 nihil
300 1699 356 1730 est
385 1692 656 1739 admirabilius,
686 1705 802 1742 quam
832 1693 1030 1742 quomodo
1060 1693 1120 1731 ille
1150 1701 1313 1732 mortem
1343 1694 1405 1732 filii

81 1759 174 1804 tulit,
215 1758 304 1796 clari
342 1758 408 1795 viri
447 1765 484 1796 et
522 1758 742 1796 consularis.
815 1757 883 1795 Est
922 1758 960 1794 in
1001 1758 1178 1796 manibus
1215 1758 1405 1797 laudatio:

83 1836 198 1873 quam
234 1835 353 1873 quum
388 1824 564 1873 legimus,
599 1835 715 1872 quern
760 1823 1037 1873 philosophum
1071 1835 1151 1862 non
1193 1826 1406 1862 contemni-

80 1890 191 1927 mus?
232 1888 315 1927 Nec
350 1900 440 1926 vero
475 1889 535 1926 ille
570 1889 607 1925 in
640 1889 723 1926 luce
756 1889 875 1926 modo
904 1896 1018 1938 atque
1049 1889 1086 1925 in
1117 1889 1236 1927 oculis
1267 1891 1404 1928 civium

80 1966 256 2003 magnus,
279 1954 346 1992 sed
367 1954 468 1992 intus
491 1954 671 2004 domique
700 1954 961 2003 praestantior.
1021 1954 1097 2000 Qui
1119 1957 1267 1992 sermo!
1307 1968 1405 2005 quae

80 2021 305 2069 praecepta!
349 2026 492 2069 quanta
524 2020 656 2056 notitia
691 2019 945 2068 antiquitatis!
992 2032 1090 2069 quae
1125 2020 1281 2058 scientia
1315 2021 1405 2059 iuris

80 2085 248 2135 auguriil
298 2085 443 2122 Multae
482 2086 607 2130 etiam,
647 2092 687 2123 ut
736 2086 774 2122 in
813 2085 969 2123 homine
1015 2085 1208 2132 Romano,
1249 2086 1403 2125 litterae.

83 2151 224 2188 Omnia
259 2151 443 2187 memoria
478 2151 631 2187 tenebat
667 2162 745 2187 non
778 2150 989 2189 domestica
1024 2150 1148 2188 solum
1188 2151 1255 2189 sed
1290 2153 1403 2189 etiam

80 2224 235 2253 externa
275 2216 383 2253 bella.
443 2215 561 2253 Cuius
610 2228 787 2253 sermone
832 2216 881 2253 ita
928 2223 1008 2253 tum
1057 2216 1194 2265 cupide
1243 2216 1402 2264 fruebar,

80 2282 187 2330 quasi
226 2282 301 2318 iam
342 2281 561 2326 divinarem,
602 2281 639 2318 id
679 2281 784 2331 quod
823 2282 958 2327 evenit,
999 2281 1061 2318 illo
1101 2282 1289 2319 exstincto
1322 2282 1402 2320 sore

80 2347 182 2383 unde
204 2346 389 2383 discerem
411 2347 619 2384 neminem.

1433 334 1468 356 ΙΟ

1426 688 1463 722 ¹5

1426 1050 1465 1072 20

1423 1706 1466 1736 30

1423 2029 1462 2061 35

1420 2357 1462 2386 40
