1629 2553
135 103 188 143 80
481 113 723 145 EXTRACTS
754 113 890 144 FROM
919 113 1097 146 cremo,

134 204 329 251 Graeciae,
368 206 565 256 vituperat,
604 207 710 256 quod
755 213 900 245 tantam
939 206 1143 256 pecuniam
1179 206 1219 243 in
1259 205 1451 256 praeclara

133 270 193 307 illa
212 270 417 320 propylaea
437 272 655 309 coniecerit.

590 396 656 430 27.
695 391 729 428 A
763 391 1002 442 Demagogue.

186 500 317 547 Quum
339 500 382 538 L.
406 501 631 539 Saturninus
651 502 777 551 legem
798 502 1082 539 frumentariam
1104 501 1151 539 de
1172 500 1394 539 semissibus
1414 507 1451 538 et

132 567 329 604 trientibus
350 566 492 604 laturus
513 574 623 613 esset,
647 568 695 614 Q.
717 567 875 617 Caepio,
897 568 962 617 qui
992 568 1030 605 id
1060 567 1244 616 temporis
1274 572 1451 616 quaestor

132 632 300 668 urbanus
341 639 430 678 erat,
472 632 601 669 docuit
643 638 817 670 senatum
863 632 1047 670 aerarium
1090 632 1168 681 pati
1211 643 1291 668 non
1334 643 1450 680 posse

132 696 374 745 largitionem
407 704 564 735 tantam.
623 698 786 735 Senatus
826 698 1002 744 decrevit,
1042 698 1072 735 si
1112 709 1198 734 eam
1238 697 1363 746 legem
1403 696 1451 734 ad

132 762 319 811 populum
358 762 462 808 ferat,
501 763 683 801 adversus
720 763 997 812 rempublicam
1034 762 1150 800 videri
1189 775 1277 800 eum
1316 762 1487 800 facere.5

134 828 360 865 Saturninus
390 827 485 865 ferre
515 829 654 877 coepit.
714 828 897 877 Collegae
926 827 1171 867 intercedere.
1228 827 1295 864 Ille
1334 827 1452 864 nihilo

132 893 259 930 minus
302 893 484 930 cistellam
529 893 670 930 detulit.
732 893 889 942 Caepio,
927 900 966 930 ut
1006 893 1110 930 illum
1152 900 1286 930 contra
1326 892 1361 930 S.
1394 892 1451 938 C.,

133 958 456 995 intercedentibus
490 958 660 1006 collegis,
696 958 875 996 adversus
909 958 1184 1007 rempublicam
1219 958 1310 994 vidit
1343 957 1450 1003 ferre,

134 1035 221 1061 cum
261 1023 347 1060 viris
393 1022 505 1060 bonis
552 1023 738 1071 impetum
783 1023 881 1068 facit,
921 1030 1059 1072 pontes
1103 1023 1297 1068 disturbat,
1337 1023 1451 1059 cistas

134 1087 270 1134 deiicit,
304 1087 580 1136 impedimento
614 1094 669 1124 est
703 1099 780 1136 quo
811 1087 934 1124 secius
963 1086 1101 1125 feratur
1130 1087 1212 1124 lex:
1251 1087 1451 1124 arcessitur
1473 1100 1509 1123 ιε

134 1153 280 1203 Caepio
309 1153 528 1190 maiestatis.

567 1273 637 1307 28.
675 1268 709 1305 A
742 1268 1014 1318 Braggadocio.

190 1387 229 1424 Si
249 1386 339 1424 velis
360 1398 439 1423 non
461 1385 613 1423 divitem
635 1384 704 1422 sed
724 1389 997 1422 ostentatorem
1018 1384 1203 1433 pecuniae
1225 1383 1450 1432 describere,

134 1449 259 1497 ‘Iste,'
304 1452 463 1501 inquies,
513 1451 689 1495 ‘iudices,
733 1450 797 1499 qui
838 1461 878 1486 se
918 1449 991 1486 dici
1030 1449 1183 1485 divitem
1222 1456 1329 1498 putat
1367 1462 1451 1488 esse

133 1517 382 1568 praeclarum,
412 1517 578 1565 primum
611 1527 714 1552 nunc
742 1515 877 1560 videte,
907 1526 986 1562 quo
1017 1514 1120 1551 vultu
1151 1525 1223 1551 nos
1253 1515 1451 1556 intueatur.

134 1583 277 1620 Nonne
308 1581 416 1619 vobis
447 1582 593 1619 videtur
626 1580 762 1625 dicere,
798 1579 972 1625 ⁴Darem,
1004 1579 1033 1617 si
1067 1579 1157 1616 mihi
1187 1579 1336 1617 molesti
1371 1593 1452 1618 non

134 1647 266 1685 essetis
280 1646 310 1683 ?'
370 1645 502 1692 Quum
524 1658 613 1683 vero
636 1646 786 1683 sinistra
805 1651 978 1682 mentum
1000 1644 1180 1690 sublevat,
1202 1645 1392 1682 existimat
1412 1657 1451 1683 se
1470 1653 1487 1685 5

134 1723 309 1760 gemmae
338 1711 459 1748 nitore
489 1718 525 1748 et
555 1711 635 1748 auri
666 1709 871 1760 splendore
913 1715 1091 1758 aspectus
1132 1710 1304 1746 omnium
1344 1722 1451 1759 prae-

134 1777 328 1825 stringere.
388 1775 520 1822 Quum
557 1788 717 1826 puerum
750 1775 904 1825 respicit
937 1774 1040 1812 hunc
1071 1787 1202 1821 unum,
1234 1787 1348 1824 quem
1377 1787 1451 1824 ego

133 1842 233 1887 novi,
254 1853 322 1878 vos
353 1853 432 1879 non
461 1841 621 1878 arbitror
650 1841 813 1886 novisse,
835 1840 908 1877 alio
930 1840 1085 1877 nomine
1115 1840 1291 1889 appellat,
1313 1840 1451 1878 deinde

134 1907 207 1944 alio
227 1913 340 1956 atque
361 1906 445 1943 alio.
497 1910 505 1924 ‘
520 1906 630 1943 Heus
650 1905 713 1947 tu,’
735 1906 868 1955 inquit,
891 1908 899 1924 ‘
913 1905 1009 1950 veni,
1033 1905 1188 1951 Sannio,
1211 1918 1258 1943 ne
1280 1906 1372 1955 quid
1391 1906 1451 1943 isti

133 1972 282 2009 barbari
311 1970 505 2018 turbent3’
542 1978 584 2009 ut
610 1971 743 2020 ignoti,
769 1972 831 2020 qui
863 1970 1031 2013 audiunt,
1052 1982 1170 2008 unum
1201 1978 1335 2020 putent
1364 1971 1449 2019 eligi
1473 1984 1509 2006 10

135 2038 181 2075 de
201 2037 350 2074 multis:
390 2037 423 2074 ei
445 2036 533 2075 dicit
554 2037 591 2073 in
613 2049 756 2082 aurem,
777 2043 840 2073 aut
869 2042 908 2072 ut
938 2035 1043 2073 domi
1071 2035 1196 2073 lectuli
1226 2043 1450 2083 sternantur,

133 2110 196 2140 aut
217 2104 265 2139 ab
289 2103 477 2139 avunculo
502 2109 655 2151 rogetur
675 2102 876 2150 Aethiops,
898 2102 961 2150 qui
983 2101 1031 2138 ad
1051 2101 1208 2138 balneas
1229 2103 1364 2147 veniat,
1387 2110 1451 2139 aut

133 2168 325 2205 asturconi
355 2168 463 2205 locus
493 2173 580 2204 ante
610 2167 751 2205 ostium
782 2178 893 2204 suum
924 2167 1042 2211 detur,
1063 2173 1126 2203 aut
1146 2167 1299 2215 aliquod
1320 2167 1450 2216 fragile

133 2233 248 2270 salsae
277 2233 500 2281 choragium
529 2234 672 2282 gloriae
702 2240 954 2282 comparetur.
1011 2232 1161 2269 Deinde
1191 2233 1388 2275 exclamat,
1411 2240 1450 2270 ut

132 2311 268 2336 omnes
296 2299 463 2345 audiant,
496 2299 658 2336 ‘Videto
689 2306 728 2335 ut
758 2298 955 2346 diligenter
984 2303 1214 2343 numeretur,
1246 2298 1275 2335 si
1311 2304 1448 2347 potest,
1474 2308 1508 2339 15

134 2374 220 2402 ante
241 2364 420 2402 noctem.'
478 2364 584 2411 Puer,
608 2365 670 2414 qui
701 2365 775 2402 iam
805 2364 904 2401 bene
933 2363 1101 2401 hominis
1131 2370 1303 2402 naturam
1333 2366 1446 2406 novit,
