1629 2553
611 94 785 126 ROMAN
812 94 1096 128 ANECDOTES.
1459 90 1512 143 69

197 188 286 225 tiam
320 199 367 226 ne
402 186 541 224 diceret
573 187 781 234 recusavit;
833 187 1037 237 ‘quamdiu
1069 187 1311 226 iureiurando
1347 188 1513 227 hostium

196 259 394 298 teneretur,
441 263 520 288 non
558 263 641 289 esse
681 264 722 290 se
760 251 1000 290 senatorem!
1085 253 1212 302 Atque
1253 252 1344 291 illud
1388 254 1512 299 etiam,

197 316 276 367 (‘O
297 316 452 353 stultum
483 315 704 362 hominem,’
734 316 868 354 dixerit
897 318 1099 367 quispiam,
1141 320 1201 354 ‘et
1235 325 1514 368 repugnantem

197 381 340 420 utilitati
361 393 449 418 suae
468 379 516 430 l’)
537 380 643 418 reddi
665 382 844 430 captivos,
867 383 1018 430 negavit
1038 394 1122 419 esse
1143 382 1254 420 utile:
1286 383 1392 420 ‘illos
1412 385 1515 421 enirn

141 466 177 487 20
198 446 460 484 adolescentes
481 457 565 483 esse
593 452 629 483 et
653 447 779 484 bonos
805 447 933 492 duces,
961 459 1001 484 se
1028 447 1104 484 iarn
1134 447 1353 485 confectum
1382 460 1513 486 senec-

196 511 297 549 tute.’
355 510 474 548 Cuius
503 522 622 560 quum
647 511 823 549 valuisset
848 512 1062 558 auctoritas,
1091 512 1226 561 captivi
1252 513 1386 550 retenti
1413 520 1512 558 sunt,

195 578 277 626 ipse
304 575 583 624 Karthaginem
613 575 742 613 rediit:
778 588 902 626 neque
926 588 1015 613 eum
1040 577 1174 615 caritas
1201 578 1344 626 patriae
1365 579 1515 616 retinuit

194 652 265 678 nec
286 651 454 678 suorum.
490 638 626 689 Neque
647 652 736 677 vero
757 647 836 678 tum
857 641 1056 690 ignorabat
1076 653 1116 679 se
1137 642 1186 679 ad
1207 642 1512 680 crudelissimum

194 706 344 743 hostem
364 712 400 742 et
421 705 470 742 ad
490 706 676 754 exquisita
697 706 882 756 supplicia
905 707 1095 756 proficisci
1108 721 1118 754 ;
1159 708 1227 745 sed
1252 708 1514 747 iusiurandum

139 790 175 821 25
195 770 499 809 conservandum
530 772 697 819 putabat.
757 771 890 821 Itaque
921 778 1012 817 tum,
1034 783 1153 821 quum
1180 773 1373 821 vigilando
1404 786 1514 812 neca-

194 836 315 882 batur,
341 842 418 873 erat
447 836 486 872 in
512 835 669 873 meliore
699 848 825 882 causa,
848 848 963 885 quarn
985 837 1016 874 si
1041 837 1146 873 dorni
1181 849 1298 875 senex
1334 839 1513 887 captivus,

195 902 365 950 periurus
394 900 607 938 consularis
636 902 893 939 remansisset.
961 901 1012 939 At
1042 901 1164 948 stulte,
1195 903 1259 952 qui
1289 915 1368 941 non
1398 904 1515 942 modo

195 978 275 1003 non
295 966 484 1004 censuerit
508 966 681 1015 captivos
710 967 960 1004 remittendos
982 978 1113 1004 verum
1144 968 1258 1004 etiam
1286 968 1513 1006 dissuaserit.

195 1031 406 1077 Quomodo
428 1031 566 1069 stulte?
599 1031 764 1070 etiamne
785 1032 817 1070 si
837 1032 1068 1081 reipublicae
1090 1033 1355 1072 conducebat?
1386 1042 1513 1084 potest

136 1112 176 1144 30
194 1103 322 1134 autem
360 1096 466 1147 quod
506 1096 633 1134 inutile
673 1097 903 1147 reipublicae
943 1098 989 1135 sit
1027 1097 1066 1135 id
1105 1099 1283 1148 cuiquam
1322 1100 1391 1137 civi
1430 1112 1515 1138 esse

195 1162 310 1200 utile?

679 1270 738 1305 17.
777 1266 811 1304 A
846 1265 1030 1305 Contrast.

250 1363 326 1402 Sed
346 1370 385 1401 ut
405 1363 620 1402 laudandus
642 1364 814 1415 Regulus
835 1365 873 1402 in
894 1366 1160 1404 conservando
1185 1368 1440 1414 iureiurando,
1461 1369 1515 1408 sic

195 1430 329 1468 decem
349 1430 397 1467 illi
419 1442 516 1479 quos
537 1437 625 1479 post
647 1430 892 1469 Cannensem
916 1444 1088 1481 pugnam
1109 1433 1251 1471 iuratos
1272 1434 1320 1471 ad
1341 1442 1516 1473 senatum

196 1496 295 1533 misit
316 1495 513 1532 Hannibal
534 1507 572 1533 se
594 1496 631 1532 in
651 1502 773 1533 castra
798 1496 983 1535 redituros
1011 1509 1056 1535 ea
1083 1510 1247 1548 quorum
1277 1500 1386 1548 potiti
1410 1507 1517 1538 erant

196 1561 326 1607 Poeni,
343 1560 414 1598 nisi
436 1560 484 1598 de
504 1560 737 1599 redimendis
758 1562 915 1611 captivis
936 1562 1250 1611 impetravissent,
1268 1565 1298 1601 si
1319 1576 1398 1601 non
1419 1565 1516 1602 redi-

156 1645 171 1675 5
194 1632 313 1672 erunt,
333 1625 581 1675 vituperandi.
630 1625 691 1663 De
712 1626 849 1676 quibus
870 1638 949 1664 non
970 1639 1107 1665 omnes
1131 1640 1210 1665 uno
1233 1629 1363 1667 modo.
1413 1629 1516 1667 Nam

194 1691 386 1740 Polybius,
417 1691 545 1728 bonus
573 1697 705 1728 auctor
733 1692 773 1728 in
800 1692 943 1740 primis,
966 1693 1093 1731 scribit
1122 1705 1169 1730 ex
1200 1694 1335 1731 decem
1359 1695 1516 1733 nobilis-

194 1756 310 1802 simis,
332 1756 396 1805 qui
418 1762 501 1793 turn
518 1762 627 1793 erant
647 1756 763 1802 missi,
786 1768 926 1793 novem
946 1758 1153 1804 revertisse,
1176 1771 1198 1796 a
1218 1765 1352 1797 senatu
1372 1772 1412 1797 re
1436 1773 1515 1798 non

193 1823 416 1872 impetrata:
465 1833 596 1867 unum,
636 1822 700 1871 qui
739 1821 867 1870 paullo
905 1828 994 1871 post
1025 1835 1141 1872 quam
1172 1836 1348 1873 egressus
1382 1833 1461 1864 erat
1494 1839 1515 1864 e

193 1886 325 1925 castris
355 1886 527 1932 redisset,
549 1887 657 1937 quasi
691 1886 834 1937 aliquid
867 1894 969 1924 esset
998 1888 1150 1936 oblitus,
1183 1888 1334 1928 Romae
1367 1903 1516 1930 reman-

142 1953 298 1990 rosisse.
356 1951 499 1989 Reditu
528 1951 632 1989 enirn
660 1952 699 1989 in
723 1958 846 1990 castra
870 1951 1070 1990 liberatum
1096 1966 1136 1992 se
1161 1966 1245 1993 esse
1273 1956 1515 1996 iureiurando

193 2017 532 2067 interpretabatur;
557 2029 636 2054 non
656 2024 756 2055 reete
767 2032 777 2066 3
805 2017 907 2056 fraus
927 2019 1030 2055 enim
1051 2021 1224 2070 astringit
1244 2033 1324 2058 non
1345 2022 1516 2061 dissolvit

192 2082 410 2133 periurium.
469 2081 555 2119 Fuit
574 2083 687 2131 igitur
707 2084 820 2121 stulta
839 2083 1232 2135 calliditas-perverse
1257 2087 1402 2126 imitata
1427 2101 1515 2138 pru-

195 2147 374 2185 dentiam.
442 2146 578 2197 Itaque
599 2148 764 2186 decrevit
785 2155 940 2187 senatus
959 2156 999 2187 ut
1019 2150 1079 2188 ille
1098 2158 1285 2189 veterator
1303 2158 1340 2190 et
1361 2153 1516 2192 callidus

194 2212 340 2249 vinctus
361 2211 409 2249 ad
431 2210 693 2251 Hannibalem
709 2214 918 2253 duceretur.
950 2215 1027 2253 Sed
1047 2216 1137 2254 illud
1159 2218 1381 2255 maximum.
1414 2218 1515 2256 Octo

143 2290 175 2321 ¹5
193 2276 394 2314 hominurn
415 2276 530 2314 millia
551 2279 703 2316 tenebat
724 2278 931 2328 Hannibal,
954 2293 1032 2319 non
1053 2294 1151 2332 quos
1171 2283 1210 2320 in
1231 2284 1311 2321 acie
1339 2285 1512 2334 cepisset,

195 2348 258 2380 aut
279 2341 344 2392 qui
366 2342 535 2391 periculo
561 2344 694 2383 mortis
719 2344 968 2396 diffugissent,
991 2348 1059 2386 sed
1085 2350 1149 2399 qui
1173 2350 1289 2388 relicti
1314 2351 1353 2388 in
1383 2353 1516 2391 castris
