1629 2553
566 115 741 147 ROMAN
768 115 1051 148 ANEODOTES.
1418 103 1470 157 85

150 208 298 248 deditus
344 209 423 255 suit,
473 222 590 259 quam
639 210 702 259 qui
745 209 848 246 illum
891 209 1120 258 ignorabant
1165 208 1467 245 arbitrabantur:

91 282 222 314 6onec
269 287 358 312 vero
405 275 560 312 ineunte
608 281 728 312 aetate
774 274 909 320 solum,
956 274 1025 312 sed
1069 279 1106 310 et
1151 285 1222 322 pro
1264 278 1468 321 quaestore

150 339 294 388 aliquot
332 351 466 385 annos,
505 346 541 376 et
579 340 617 376 in
655 340 741 388 ipso
774 339 887 384 bello,
929 339 967 375 in
1006 350 1083 387 quo
1132 339 1183 376 ita
1220 349 1364 387 magna
1413 338 1468 374 rei

151 403 319 441 militaris
349 416 433 442 esse
463 404 666 453 occupatio
705 404 811 449 solet,
850 409 890 440 ut
928 415 1008 441 non
1046 403 1208 440 multum
1247 401 1466 451 imperatori

151 469 222 506 sub
279 469 372 518 ipsis
428 469 590 518 pellibus
646 469 711 506 otii
767 469 1009 518 relinquatur.
1083 468 1216 514 Quum
1268 473 1398 505 autern
1452 479 1472 503 e

152 533 392 584 philosophis
430 534 585 583 ingenio
624 534 855 582 scientiaque
893 539 1087 583 putaretur
1120 533 1347 579 Antiochus,
1384 531 1472 569 Phi-

95 606 133 647 65
152 599 250 637 lonis
293 599 450 646 auditor,
492 599 686 645 excellere,
730 611 819 636 eum
863 611 993 636 secum
1035 605 1072 636 et
1115 605 1294 648 quaestor
1340 597 1471 634 habuit

153 670 190 701 et
236 670 325 713 post
371 665 515 714 aliquot
562 676 685 702 annos
732 665 958 713 imperator:
1035 675 1232 713 quumque
1279 668 1381 700 esset
1428 674 1473 699 ea

152 730 338 766 memoria
366 742 483 778 quam
512 736 599 767 ante
634 729 722 775 dixi,
763 741 808 766 ea
846 741 961 778 saepe
1000 729 1192 766 audiendo
1232 728 1340 765 facile
1380 739 1472 776 cog-

153 795 268 840 novit,
302 806 401 843 quae
439 795 497 832 vel
537 795 654 832 semel
693 794 821 832 audita
858 794 1081 831 meminisse
1119 794 1318 842 potuisset.
1395 793 1473 830 De-

153 860 361 898 lectabatur
405 865 532 897 autem
579 859 736 897 mirifice
782 859 947 896 lectione
994 858 1187 904 librorum,
1238 858 1286 896 de
1334 857 1473 907 quibus

100 939 140 972 70
155 926 341 964 audiebat.

208 992 268 1029 Ac
295 1003 428 1029 vereor
457 992 648 1030 interdum
677 1004 726 1029 ne
765 991 894 1028 talium
935 1002 1197 1040 personarum,
1237 1003 1355 1040 quum
1395 1004 1475 1028 arn-

154 1056 320 1106 plificare
354 1057 475 1102 velim,
512 1057 683 1094 minuam
718 1057 832 1094 etiam
866 1056 1041 1106 gloriam.
1107 1056 1205 1094 Sunt
1236 1057 1339 1094 enim
1370 1057 1475 1094 multi

155 1123 221 1172 qui
254 1122 414 1160 omnino
449 1121 618 1160 Graecas
647 1134 727 1159 non
760 1128 889 1160 ament
919 1122 1081 1159 litteras:
1126 1121 1264 1170 plures,
1298 1122 1362 1171 qui
1392 1122 1476 1171 phi-

154 1187 392 1237 losophiam:
449 1187 593 1236 reliqui,
639 1187 787 1224 etiamsi
825 1187 920 1225 haec
958 1199 1039 1224 non
1077 1187 1309 1236 improbent,
1348 1194 1475 1224 tamen

99 1272 136 1305 75
155 1264 287 1290 earum
325 1264 451 1289 rerum
490 1251 788 1301 disputationem
827 1251 1064 1300 principibus
1103 1251 1261 1288 civitatis
1300 1263 1380 1289 non
1428 1252 1478 1289 ita

156 1317 337 1355 decoram
376 1322 523 1366 putant.
599 1315 685 1365 Ego
725 1322 863 1362 autern,
903 1328 1023 1365 quum
1054 1315 1223 1354 Graecas
1251 1316 1391 1354 litteras
1421 1316 1476 1354 M.

156 1381 348 1420 Catonem
367 1381 406 1418 in
426 1387 621 1419 senectute
643 1381 822 1419 didicisse
843 1381 1069 1430 acceperim,
1091 1380 1133 1418 P.
1155 1387 1282 1419 autem
1306 1381 1478 1420 Africani

155 1447 334 1485 historiae
381 1447 586 1496 loquantur
632 1447 672 1484 in
717 1446 908 1496 legatione
955 1446 1017 1484 illa
1062 1447 1193 1492 nobili,
1233 1459 1350 1496 quam
1390 1454 1478 1486 ante

156 1524 358 1551 censuram
381 1512 484 1558 obiit,
519 1511 744 1550 Panaetium
776 1516 896 1550 unum
927 1512 1088 1550 omnino
1121 1512 1304 1550 comitem
1338 1512 1477 1551 fuisse:

99 1588 140 1619 80
155 1590 228 1616 nec
273 1577 481 1615 litterarum
528 1576 776 1623 Graecarum,
825 1589 897 1616 nec
941 1576 1207 1627 philosophiae
1241 1578 1317 1615 iam
1355 1578 1474 1617 ullum

157 1649 353 1681 auctorem
372 1642 536 1692 requiro.
