<?xml version="1.0" encoding="UTF-8"?>
<!DOCTYPE html PUBLIC "-//W3C//DTD XHTML 1.0 Transitional//EN"
    "http://www.w3.org/TR/xhtml1/DTD/xhtml1-transitional.dtd">
<html xmlns="http://www.w3.org/1999/xhtml" xml:lang="en" lang="en">
 <head>
  <title>
</title>
<meta http-equiv="Content-Type" content="text/html;charset=utf-8" />
  <meta name='ocr-system' content='tesseract 3.04.00' />
  <meta name='ocr-capabilities' content='ocr_page ocr_carea ocr_par ocr_line ocrx_word'/>
</head>
<body>
  <div class='ocr_page' id='page_1' title='image "./extractsfromcice01ciceuoft_0069.png"; bbox 0 0 1629 2553; ppageno 0'>
   <div class='ocr_carea' id='block_1_1' title="bbox 651 101 1547 146">
    <p class='ocr_par' dir='ltr' id='par_1_1' title="bbox 651 101 1547 146">
     <span class='ocr_line' id='line_1_1' title="bbox 651 101 1547 146; baseline -0.007 -1"><span class='ocrx_word' id='word_1_1' title='bbox 651 114 826 146; x_wconf 83' lang='lat' dir='ltr'><em>ROMAN</em></span> <span class='ocrx_word' id='word_1_2' title='bbox 854 112 1138 144; x_wconf 82' lang='lat' dir='ltr'><strong><em>ANECDOTES.</em></strong></span> <span class='ocrx_word' id='word_1_3' title='bbox 1499 101 1547 140; x_wconf 88' lang='lat'>61</span> 
     </span>
    </p>
   </div>
   <div class='ocr_carea' id='block_1_2' title="bbox 656 273 1137 324">
    <p class='ocr_par' dir='ltr' id='par_1_2' title="bbox 656 273 1137 324">
     <span class='ocr_line' id='line_1_2' title="bbox 656 273 1137 324; baseline -0.008 -11"><span class='ocrx_word' id='word_1_4' title='bbox 656 279 712 314; x_wconf 86' lang='lat'>11.</span> <span class='ocrx_word' id='word_1_5' title='bbox 752 275 896 324; x_wconf 78' lang='lat' dir='ltr'>Appius</span> <span class='ocrx_word' id='word_1_6' title='bbox 925 274 982 311; x_wconf 76' lang='lat' dir='ltr'>the</span> <span class='ocrx_word' id='word_1_7' title='bbox 1009 273 1137 311; x_wconf 82' lang='lat' dir='ltr'>Blz&#39;nd.</span> 
     </span>
    </p>
   </div>
   <div class='ocr_carea' id='block_1_3' title="bbox 230 382 1556 633">
    <p class='ocr_par' dir='ltr' id='par_1_3' title="bbox 230 382 1556 633">
     <span class='ocr_line' id='line_1_3' title="bbox 285 382 1554 436; baseline -0.006 -11"><span class='ocrx_word' id='word_1_8' title='bbox 285 386 360 425; x_wconf 83' lang='lat' dir='ltr'>Ad.</span> <span class='ocrx_word' id='word_1_9' title='bbox 393 387 496 436; x_wconf 88' lang='lat' dir='ltr'>App.</span> <span class='ocrx_word' id='word_1_10' title='bbox 529 386 679 425; x_wconf 84' lang='lat' dir='ltr'>Claudii</span> <span class='ocrx_word' id='word_1_11' title='bbox 714 391 950 423; x_wconf 84' lang='lat' dir='ltr'>senectutem</span> <span class='ocrx_word' id='word_1_12' title='bbox 977 383 1186 422; x_wconf 85' lang='lat' dir='ltr'>accedebat</span> <span class='ocrx_word' id='word_1_13' title='bbox 1210 382 1322 420; x_wconf 85' lang='lat' dir='ltr'>etiam</span> <span class='ocrx_word' id='word_1_14' title='bbox 1349 388 1390 419; x_wconf 73' lang='lat' dir='ltr'>ut</span> <span class='ocrx_word' id='word_1_15' title='bbox 1419 393 1554 419; x_wconf 86' lang='lat' dir='ltr'>caecus</span> 
     </span>
     <span class='ocr_line' id='line_1_4' title="bbox 230 447 1555 502; baseline -0.006 -11"><span class='ocrx_word' id='word_1_16' title='bbox 230 459 357 491; x_wconf 85' lang='lat' dir='ltr'>essct:</span> <span class='ocrx_word' id='word_1_17' title='bbox 388 459 516 490; x_wconf 83' lang='lat' dir='ltr'>tamen</span> <span class='ocrx_word' id='word_1_18' title='bbox 536 452 579 498; x_wconf 91' lang='lat' dir='ltr'>is,</span> <span class='ocrx_word' id='word_1_19' title='bbox 601 463 719 502; x_wconf 90' lang='lat' dir='ltr'>quum</span> <span class='ocrx_word' id='word_1_20' title='bbox 741 450 929 488; x_wconf 86' lang='lat' dir='ltr'>sententia</span> <span class='ocrx_word' id='word_1_21' title='bbox 949 455 1103 487; x_wconf 89' lang='lat' dir='ltr'>senatus</span> <span class='ocrx_word' id='word_1_22' title='bbox 1122 448 1318 485; x_wconf 82' lang='lat' dir='ltr'>inclinaret</span> <span class='ocrx_word' id='word_1_23' title='bbox 1344 447 1392 485; x_wconf 88' lang='lat' dir='ltr'>ad</span> <span class='ocrx_word' id='word_1_24' title='bbox 1418 458 1555 496; x_wconf 83' lang='lat' dir='ltr'><strong>pacem</strong></span> 
     </span>
     <span class='ocr_line' id='line_1_5' title="bbox 233 512 1556 567; baseline -0.005 -12"><span class='ocrx_word' id='word_1_25' title='bbox 233 530 321 556; x_wconf 86' lang='lat' dir='ltr'>cum</span> <span class='ocrx_word' id='word_1_26' title='bbox 345 517 490 567; x_wconf 80' lang='lat' dir='ltr'>Pyrrho</span> <span class='ocrx_word' id='word_1_27' title='bbox 512 516 725 566; x_wconf 82' lang='lat' dir='ltr'>foedusque</span> <span class='ocrx_word' id='word_1_28' title='bbox 755 515 986 561; x_wconf 86' lang='lat' dir='ltr'>faciendum,</span> <span class='ocrx_word' id='word_1_29' title='bbox 1016 526 1097 551; x_wconf 88' lang='lat' dir='ltr'>non</span> <span class='ocrx_word' id='word_1_30' title='bbox 1127 513 1310 551; x_wconf 88' lang='lat' dir='ltr'>dubitavit</span> <span class='ocrx_word' id='word_1_31' title='bbox 1341 513 1466 550; x_wconf 84' lang='lat' dir='ltr'><strong>dicere</strong></span> <span class='ocrx_word' id='word_1_32' title='bbox 1496 512 1556 549; x_wconf 82' lang='lat' dir='ltr'>illa</span> 
     </span>
     <span class='ocr_line' id='line_1_6' title="bbox 230 579 1038 633; baseline -0.005 -13"><span class='ocrx_word' id='word_1_33' title='bbox 230 595 328 633; x_wconf 85' lang='lat' dir='ltr'>quae</span> <span class='ocrx_word' id='word_1_34' title='bbox 350 583 520 620; x_wconf 82' lang='lat' dir='ltr'>versibus</span> <span class='ocrx_word' id='word_1_35' title='bbox 540 587 764 631; x_wconf 88' lang='lat' dir='ltr'>persecutus</span> <span class='ocrx_word' id='word_1_36' title='bbox 785 586 841 618; x_wconf 88' lang='lat' dir='ltr'>est</span> <span class='ocrx_word' id='word_1_37' title='bbox 861 579 1013 617; x_wconf 88' lang='lat' dir='ltr'>Ennius</span> <span class='ocrx_word' id='word_1_38' title='bbox 1030 591 1038 617; x_wconf 73' lang='grc' dir='ltr'><strong><em>ι</em></strong></span> 
     </span>
    </p>
   </div>
   <div class='ocr_carea' id='block_1_4' title="bbox 192 663 1300 753">
    <p class='ocr_par' dir='ltr' id='par_1_4' title="bbox 192 663 1300 753">
     <span class='ocr_line' id='line_1_7' title="bbox 192 663 1300 712; baseline -0.005 -15"><span class='ocrx_word' id='word_1_39' title='bbox 192 681 209 712; x_wconf 84' lang='lat'>5</span> <span class='ocrx_word' id='word_1_40' title='bbox 483 667 555 705; x_wconf 84' lang='lat' dir='ltr'>Qo</span> <span class='ocrx_word' id='word_1_41' title='bbox 578 666 664 696; x_wconf 88' lang='lat' dir='ltr'>vobis</span> <span class='ocrx_word' id='word_1_42' title='bbox 687 672 814 700; x_wconf 88' lang='lat' dir='ltr'>mentes,</span> <span class='ocrx_word' id='word_1_43' title='bbox 839 670 939 695; x_wconf 84' lang='lat' dir='ltr'>rectae</span> <span class='ocrx_word' id='word_1_44' title='bbox 963 674 1039 703; x_wconf 86' lang='lat' dir='ltr'>quae</span> <span class='ocrx_word' id='word_1_45' title='bbox 1063 670 1140 694; x_wconf 84' lang='lat' dir='ltr'>stare</span> <span class='ocrx_word' id='word_1_46' title='bbox 1165 663 1300 693; x_wconf 83' lang='lat' dir='ltr'>solebant</span> 
     </span>
     <span class='ocr_line' id='line_1_8' title="bbox 481 715 1136 753; baseline -0.003 -6"><span class='ocrx_word' id='word_1_47' title='bbox 481 718 629 753; x_wconf 81' lang='lat' dir='ltr'>Antehac,</span> <span class='ocrx_word' id='word_1_48' title='bbox 653 718 806 748; x_wconf 79' lang='lat' dir='ltr'>dementes</span> <span class='ocrx_word' id='word_1_49' title='bbox 830 727 892 747; x_wconf 84' lang='lat' dir='ltr'>sese</span> <span class='ocrx_word' id='word_1_50' title='bbox 915 717 1025 746; x_wconf 81' lang='lat' dir='ltr'>flexere</span> <span class='ocrx_word' id='word_1_51' title='bbox 1050 715 1136 745; x_wconf 80' lang='lat' dir='ltr'>viai?</span> 
     </span>
    </p>
   </div>
   <div class='ocr_carea' id='block_1_5' title="bbox 169 799 1556 2421">
    <p class='ocr_par' dir='ltr' id='par_1_5' title="bbox 169 799 1556 2421">
     <span class='ocr_line' id='line_1_9' title="bbox 229 799 1555 851; baseline -0.005 -11"><span class='ocrx_word' id='word_1_52' title='bbox 229 808 431 851; x_wconf 87' lang='lat' dir='ltr'>ceteraque</span> <span class='ocrx_word' id='word_1_53' title='bbox 467 801 713 851; x_wconf 86' lang='lat' dir='ltr'>gravissime:</span> <span class='ocrx_word' id='word_1_54' title='bbox 758 807 894 838; x_wconf 86' lang='lat' dir='ltr'>notum</span> <span class='ocrx_word' id='word_1_55' title='bbox 928 800 1030 837; x_wconf 89' lang='lat' dir='ltr'>enim</span> <span class='ocrx_word' id='word_1_56' title='bbox 1062 799 1171 836; x_wconf 88' lang='lat' dir='ltr'>vobis</span> <span class='ocrx_word' id='word_1_57' title='bbox 1207 810 1361 835; x_wconf 87' lang='lat' dir='ltr'>carmen</span> <span class='ocrx_word' id='word_1_58' title='bbox 1396 804 1473 844; x_wconf 86' lang='lat' dir='ltr'>est;</span> <span class='ocrx_word' id='word_1_59' title='bbox 1518 803 1555 834; x_wconf 91' lang='lat' dir='ltr'>et</span> 
     </span>
     <span class='ocr_line' id='line_1_10' title="bbox 228 862 1556 917; baseline -0.005 -12"><span class='ocrx_word' id='word_1_60' title='bbox 228 873 357 905; x_wconf 85' lang='lat' dir='ltr'>tamen</span> <span class='ocrx_word' id='word_1_61' title='bbox 391 867 510 917; x_wconf 90' lang='lat' dir='ltr'>ipsius</span> <span class='ocrx_word' id='word_1_62' title='bbox 549 866 667 916; x_wconf 87' lang='lat' dir='ltr'>Appii</span> <span class='ocrx_word' id='word_1_63' title='bbox 707 872 829 903; x_wconf 90' lang='lat' dir='ltr'>exstat</span> <span class='ocrx_word' id='word_1_64' title='bbox 867 866 1001 903; x_wconf 85' lang='lat' dir='ltr'>oratio.</span> <span class='ocrx_word' id='word_1_65' title='bbox 1086 864 1214 913; x_wconf 86' lang='lat' dir='ltr'><strong>Atque</strong></span> <span class='ocrx_word' id='word_1_66' title='bbox 1246 862 1342 901; x_wconf 90' lang='lat' dir='ltr'>haec</span> <span class='ocrx_word' id='word_1_67' title='bbox 1381 862 1440 899; x_wconf 90' lang='lat' dir='ltr'>ille</span> <span class='ocrx_word' id='word_1_68' title='bbox 1478 862 1556 911; x_wconf 84' lang='lat' dir='ltr'>egit</span> 
     </span>
     <span class='ocr_line' id='line_1_11' title="bbox 230 928 1556 982; baseline -0.005 -12"><span class='ocrx_word' id='word_1_69' title='bbox 230 940 378 982; x_wconf 80' lang='lat' dir='ltr'>septem</span> <span class='ocrx_word' id='word_1_70' title='bbox 412 939 450 970; x_wconf 89' lang='lat' dir='ltr'>et</span> <span class='ocrx_word' id='word_1_71' title='bbox 490 932 627 970; x_wconf 91' lang='lat' dir='ltr'>decem</span> <span class='ocrx_word' id='word_1_72' title='bbox 666 932 777 970; x_wconf 89' lang='lat' dir='ltr'>annis</span> <span class='ocrx_word' id='word_1_73' title='bbox 816 938 904 981; x_wconf 87' lang='lat' dir='ltr'>post</span> <span class='ocrx_word' id='word_1_74' title='bbox 943 931 1102 969; x_wconf 90' lang='lat' dir='ltr'>alterum</span> <span class='ocrx_word' id='word_1_75' title='bbox 1142 928 1395 974; x_wconf 84' lang='lat' dir='ltr'>consulatum,</span> <span class='ocrx_word' id='word_1_76' title='bbox 1436 940 1556 977; x_wconf 91' lang='lat' dir='ltr'>quum</span> 
     </span>
     <span class='ocr_line' id='line_1_12' title="bbox 173 994 1554 1040; baseline -0.006 -2"><span class='ocrx_word' id='word_1_77' title='bbox 173 999 326 1038; x_wconf 86' lang='lat' dir='ltr'>10inter</span> <span class='ocrx_word' id='word_1_78' title='bbox 361 999 459 1037; x_wconf 93' lang='lat' dir='ltr'>duos</span> <span class='ocrx_word' id='word_1_79' title='bbox 493 998 714 1037; x_wconf 89' lang='lat' dir='ltr'>consulatus</span> <span class='ocrx_word' id='word_1_80' title='bbox 749 998 841 1035; x_wconf 89' lang='lat' dir='ltr'>anni</span> <span class='ocrx_word' id='word_1_81' title='bbox 873 996 1008 1035; x_wconf 87' lang='lat' dir='ltr'>decern</span> <span class='ocrx_word' id='word_1_82' title='bbox 1048 994 1360 1040; x_wconf 83' lang='lat' dir='ltr'>interfluxissent,</span> <span class='ocrx_word' id='word_1_83' title='bbox 1400 1005 1554 1031; x_wconf 87' lang='lat' dir='ltr'>censor-</span> 
     </span>
     <span class='ocr_line' id='line_1_13' title="bbox 229 1058 1554 1115; baseline -0.005 -13"><span class='ocrx_word' id='word_1_84' title='bbox 229 1076 303 1115; x_wconf 89' lang='lat' dir='ltr'>que</span> <span class='ocrx_word' id='word_1_85' title='bbox 332 1070 420 1102; x_wconf 83' lang='lat' dir='ltr'>ante</span> <span class='ocrx_word' id='word_1_86' title='bbox 450 1064 688 1114; x_wconf 90' lang='lat' dir='ltr'>superiorem</span> <span class='ocrx_word' id='word_1_87' title='bbox 729 1062 973 1101; x_wconf 88' lang='lat' dir='ltr'>consulatum</span> <span class='ocrx_word' id='word_1_88' title='bbox 1010 1061 1167 1106; x_wconf 86' lang='lat' dir='ltr'>suisset;</span> <span class='ocrx_word' id='word_1_89' title='bbox 1213 1071 1260 1096; x_wconf 84' lang='lat' dir='ltr'>ex</span> <span class='ocrx_word' id='word_1_90' title='bbox 1302 1070 1380 1109; x_wconf 92' lang='lat' dir='ltr'>quo</span> <span class='ocrx_word' id='word_1_91' title='bbox 1421 1058 1554 1096; x_wconf 88' lang='lat' dir='ltr'>intelli-</span> 
     </span>
     <span class='ocr_line' id='line_1_14' title="bbox 229 1125 1556 1179; baseline -0.005 -12"><span class='ocrx_word' id='word_1_92' title='bbox 229 1129 330 1179; x_wconf 83' lang='lat' dir='ltr'>gitur</span> <span class='ocrx_word' id='word_1_93' title='bbox 359 1128 492 1179; x_wconf 85' lang='lat' dir='ltr'>Pyrrhi</span> <span class='ocrx_word' id='word_1_94' title='bbox 521 1129 622 1166; x_wconf 90' lang='lat' dir='ltr'>bello</span> <span class='ocrx_word' id='word_1_95' title='bbox 651 1129 839 1178; x_wconf 87' lang='lat' dir='ltr'>grandem</span> <span class='ocrx_word' id='word_1_96' title='bbox 869 1139 961 1165; x_wconf 87' lang='lat' dir='ltr'>sane</span> <span class='ocrx_word' id='word_1_97' title='bbox 1000 1126 1142 1163; x_wconf 85' lang='lat' dir='ltr'>fuisse:</span> <span class='ocrx_word' id='word_1_98' title='bbox 1187 1131 1224 1162; x_wconf 89' lang='lat' dir='ltr'>et</span> <span class='ocrx_word' id='word_1_99' title='bbox 1265 1130 1395 1161; x_wconf 89' lang='lat' dir='ltr'>tamen</span> <span class='ocrx_word' id='word_1_100' title='bbox 1437 1125 1491 1162; x_wconf 90' lang='lat' dir='ltr'>sic</span> <span class='ocrx_word' id='word_1_101' title='bbox 1534 1136 1556 1161; x_wconf 89' lang='lat' dir='ltr'>a</span> 
     </span>
     <span class='ocr_line' id='line_1_15' title="bbox 228 1189 1556 1246; baseline -0.005 -14"><span class='ocrx_word' id='word_1_102' title='bbox 228 1196 399 1246; x_wconf 86' lang='lat' dir='ltr'>patribus</span> <span class='ocrx_word' id='word_1_103' title='bbox 419 1195 650 1244; x_wconf 88' lang='lat' dir='ltr'>accepimus.</span> <span class='ocrx_word' id='word_1_104' title='bbox 708 1194 814 1231; x_wconf 89' lang='lat' dir='ltr'>Nihil</span> <span class='ocrx_word' id='word_1_105' title='bbox 833 1194 946 1243; x_wconf 86' lang='lat' dir='ltr'>igitur</span> <span class='ocrx_word' id='word_1_106' title='bbox 966 1192 1130 1230; x_wconf 88' lang='lat' dir='ltr'>afferunt</span> <span class='ocrx_word' id='word_1_107' title='bbox 1163 1191 1227 1240; x_wconf 91' lang='lat' dir='ltr'>qui</span> <span class='ocrx_word' id='word_1_108' title='bbox 1257 1190 1295 1227; x_wconf 89' lang='lat' dir='ltr'>in</span> <span class='ocrx_word' id='word_1_109' title='bbox 1322 1202 1361 1227; x_wconf 92' lang='lat' dir='ltr'>re</span> <span class='ocrx_word' id='word_1_110' title='bbox 1387 1189 1556 1240; x_wconf 85' lang='lat' dir='ltr'>gerenda</span> 
     </span>
     <span class='ocr_line' id='line_1_16' title="bbox 228 1253 1553 1307; baseline -0.004 -13"><span class='ocrx_word' id='word_1_111' title='bbox 228 1258 368 1296; x_wconf 87' lang='lat' dir='ltr'>versari</span> <span class='ocrx_word' id='word_1_112' title='bbox 387 1265 624 1296; x_wconf 90' lang='lat' dir='ltr'>senectutem</span> <span class='ocrx_word' id='word_1_113' title='bbox 644 1264 813 1307; x_wconf 85' lang='lat' dir='ltr'>negant;</span> <span class='ocrx_word' id='word_1_114' title='bbox 845 1255 1065 1304; x_wconf 87' lang='lat' dir='ltr'>similesque</span> <span class='ocrx_word' id='word_1_115' title='bbox 1087 1261 1176 1292; x_wconf 81' lang='lat' dir='ltr'>sunt</span> <span class='ocrx_word' id='word_1_116' title='bbox 1194 1260 1235 1291; x_wconf 89' lang='lat' dir='ltr'>ut</span> <span class='ocrx_word' id='word_1_117' title='bbox 1260 1253 1291 1291; x_wconf 94' lang='lat' dir='ltr'>si</span> <span class='ocrx_word' id='word_1_118' title='bbox 1321 1253 1385 1302; x_wconf 92' lang='lat' dir='ltr'>qui</span> <span class='ocrx_word' id='word_1_119' title='bbox 1413 1254 1553 1302; x_wconf 82' lang='lat' dir='ltr'>guber-</span> 
     </span>
     <span class='ocr_line' id='line_1_17' title="bbox 175 1317 1554 1372; baseline -0.006 -10"><span class='ocrx_word' id='word_1_120' title='bbox 175 1342 210 1372; x_wconf 87' lang='lat'>¹5</span> <span class='ocrx_word' id='word_1_121' title='bbox 229 1331 405 1361; x_wconf 83' lang='lat' dir='ltr'>natorem</span> <span class='ocrx_word' id='word_1_122' title='bbox 437 1323 477 1360; x_wconf 90' lang='lat' dir='ltr'>in</span> <span class='ocrx_word' id='word_1_123' title='bbox 507 1323 726 1372; x_wconf 82' lang='lat' dir='ltr'>navigando</span> <span class='ocrx_word' id='word_1_124' title='bbox 759 1322 851 1359; x_wconf 85' lang='lat' dir='ltr'>nihil</span> <span class='ocrx_word' id='word_1_125' title='bbox 880 1333 993 1371; x_wconf 82' lang='lat' dir='ltr'>agere</span> <span class='ocrx_word' id='word_1_126' title='bbox 1025 1320 1166 1365; x_wconf 85' lang='lat' dir='ltr'>dicant,</span> <span class='ocrx_word' id='word_1_127' title='bbox 1198 1330 1318 1368; x_wconf 88' lang='lat' dir='ltr'>quum</span> <span class='ocrx_word' id='word_1_128' title='bbox 1345 1318 1405 1354; x_wconf 88' lang='lat' dir='ltr'>alii</span> <span class='ocrx_word' id='word_1_129' title='bbox 1431 1317 1554 1355; x_wconf 85' lang='lat' dir='ltr'>malos</span> 
     </span>
     <span class='ocr_line' id='line_1_18' title="bbox 229 1383 1552 1438; baseline -0.005 -12"><span class='ocrx_word' id='word_1_130' title='bbox 229 1388 426 1434; x_wconf 85' lang='lat' dir='ltr'>scandant,</span> <span class='ocrx_word' id='word_1_131' title='bbox 462 1389 522 1425; x_wconf 87' lang='lat' dir='ltr'>alii</span> <span class='ocrx_word' id='word_1_132' title='bbox 557 1401 625 1438; x_wconf 92' lang='lat' dir='ltr'>per</span> <span class='ocrx_word' id='word_1_133' title='bbox 657 1388 763 1426; x_wconf 89' lang='lat' dir='ltr'>foros</span> <span class='ocrx_word' id='word_1_134' title='bbox 795 1393 960 1433; x_wconf 76' lang='lat' dir='ltr'>cursem,</span> <span class='ocrx_word' id='word_1_135' title='bbox 997 1385 1059 1423; x_wconf 88' lang='lat' dir='ltr'>alii</span> <span class='ocrx_word' id='word_1_136' title='bbox 1094 1384 1285 1423; x_wconf 75' lang='lat' dir='ltr'>sentinam</span> <span class='ocrx_word' id='word_1_137' title='bbox 1319 1383 1552 1427; x_wconf 86' lang='lat' dir='ltr'>exhauriant,</span> 
     </span>
     <span class='ocr_line' id='line_1_19' title="bbox 228 1448 1552 1503; baseline -0.005 -12"><span class='ocrx_word' id='word_1_138' title='bbox 228 1454 288 1491; x_wconf 89' lang='lat' dir='ltr'>ille</span> <span class='ocrx_word' id='word_1_139' title='bbox 320 1460 447 1492; x_wconf 87' lang='lat' dir='ltr'>autem</span> <span class='ocrx_word' id='word_1_140' title='bbox 482 1454 631 1491; x_wconf 83' lang='lat' dir='ltr'>clavum</span> <span class='ocrx_word' id='word_1_141' title='bbox 666 1461 801 1491; x_wconf 89' lang='lat' dir='ltr'>tenens</span> <span class='ocrx_word' id='word_1_142' title='bbox 835 1453 987 1503; x_wconf 85' lang='lat' dir='ltr'>quietus</span> <span class='ocrx_word' id='word_1_143' title='bbox 1021 1451 1153 1489; x_wconf 86' lang='lat' dir='ltr'>sedeat</span> <span class='ocrx_word' id='word_1_144' title='bbox 1187 1450 1225 1487; x_wconf 88' lang='lat' dir='ltr'>in</span> <span class='ocrx_word' id='word_1_145' title='bbox 1260 1448 1388 1498; x_wconf 89' lang='lat' dir='ltr'>puppi.</span> <span class='ocrx_word' id='word_1_146' title='bbox 1462 1448 1552 1486; x_wconf 87' lang='lat' dir='ltr'>Non</span> 
     </span>
     <span class='ocr_line' id='line_1_20' title="bbox 229 1513 1555 1569; baseline -0.005 -11"><span class='ocrx_word' id='word_1_147' title='bbox 229 1519 319 1558; x_wconf 87' lang='lat' dir='ltr'>facit</span> <span class='ocrx_word' id='word_1_148' title='bbox 351 1532 408 1566; x_wconf 90' lang='lat' dir='ltr'>ea,</span> <span class='ocrx_word' id='word_1_149' title='bbox 437 1531 537 1569; x_wconf 89' lang='lat' dir='ltr'>quae</span> <span class='ocrx_word' id='word_1_150' title='bbox 571 1520 753 1557; x_wconf 85' lang='lat' dir='ltr'>iuvenes:</span> <span class='ocrx_word' id='word_1_151' title='bbox 802 1525 840 1556; x_wconf 84' lang='lat' dir='ltr'>at</span> <span class='ocrx_word' id='word_1_152' title='bbox 871 1529 960 1555; x_wconf 91' lang='lat' dir='ltr'>vero</span> <span class='ocrx_word' id='word_1_153' title='bbox 995 1516 1114 1554; x_wconf 86' lang='lat' dir='ltr'>multo</span> <span class='ocrx_word' id='word_1_154' title='bbox 1149 1516 1296 1553; x_wconf 87' lang='lat' dir='ltr'>maiora</span> <span class='ocrx_word' id='word_1_155' title='bbox 1328 1521 1366 1551; x_wconf 89' lang='lat' dir='ltr'>et</span> <span class='ocrx_word' id='word_1_156' title='bbox 1397 1513 1555 1552; x_wconf 88' lang='lat' dir='ltr'>meliora</span> 
     </span>
     <span class='ocr_line' id='line_1_21' title="bbox 230 1579 1554 1624; baseline -0.005 -2"><span class='ocrx_word' id='word_1_157' title='bbox 230 1584 328 1624; x_wconf 81' lang='lat' dir='ltr'>facit.</span> <span class='ocrx_word' id='word_1_158' title='bbox 412 1584 505 1622; x_wconf 89' lang='lat' dir='ltr'>Non</span> <span class='ocrx_word' id='word_1_159' title='bbox 543 1585 684 1622; x_wconf 87' lang='lat' dir='ltr'>viribus</span> <span class='ocrx_word' id='word_1_160' title='bbox 723 1590 787 1621; x_wconf 89' lang='lat' dir='ltr'>aut</span> <span class='ocrx_word' id='word_1_161' title='bbox 831 1582 1092 1620; x_wconf 83' lang='lat' dir='ltr'>velocitatibus</span> <span class='ocrx_word' id='word_1_162' title='bbox 1136 1587 1200 1617; x_wconf 91' lang='lat' dir='ltr'>aut</span> <span class='ocrx_word' id='word_1_163' title='bbox 1240 1579 1429 1617; x_wconf 90' lang='lat' dir='ltr'>celeritate</span> <span class='ocrx_word' id='word_1_164' title='bbox 1470 1591 1554 1617; x_wconf 91' lang='lat' dir='ltr'>cor-</span> 
     </span>
     <span class='ocr_line' id='line_1_22' title="bbox 172 1645 1553 1700; baseline -0.004 -13"><span class='ocrx_word' id='word_1_165' title='bbox 172 1666 210 1687; x_wconf 85' lang='lat'>20</span> <span class='ocrx_word' id='word_1_166' title='bbox 229 1662 366 1700; x_wconf 87' lang='lat' dir='ltr'>porum</span> <span class='ocrx_word' id='word_1_167' title='bbox 396 1662 457 1688; x_wconf 88' lang='lat' dir='ltr'>res</span> <span class='ocrx_word' id='word_1_168' title='bbox 489 1662 655 1699; x_wconf 84' lang='lat' dir='ltr'>magnae</span> <span class='ocrx_word' id='word_1_169' title='bbox 683 1655 879 1698; x_wconf 85' lang='lat' dir='ltr'>geruntur,</span> <span class='ocrx_word' id='word_1_170' title='bbox 912 1647 980 1685; x_wconf 91' lang='lat' dir='ltr'>sed</span> <span class='ocrx_word' id='word_1_171' title='bbox 1008 1646 1181 1691; x_wconf 86' lang='lat' dir='ltr'>consilio,</span> <span class='ocrx_word' id='word_1_172' title='bbox 1205 1645 1439 1691; x_wconf 88' lang='lat' dir='ltr'>auctoritate,</span> <span class='ocrx_word' id='word_1_173' title='bbox 1467 1657 1553 1682; x_wconf 89' lang='lat' dir='ltr'>sen-</span> 
     </span>
     <span class='ocr_line' id='line_1_23' title="bbox 228 1710 1553 1764; baseline -0.005 -11"><span class='ocrx_word' id='word_1_174' title='bbox 228 1716 345 1753; x_wconf 90' lang='lat' dir='ltr'>tentia</span> <span class='ocrx_word' id='word_1_175' title='bbox 358 1727 369 1762; x_wconf 85' lang='lat'>;</span> <span class='ocrx_word' id='word_1_176' title='bbox 427 1715 566 1764; x_wconf 89' lang='lat' dir='ltr'>quibus</span> <span class='ocrx_word' id='word_1_177' title='bbox 607 1727 686 1752; x_wconf 89' lang='lat' dir='ltr'>non</span> <span class='ocrx_word' id='word_1_178' title='bbox 726 1714 843 1751; x_wconf 90' lang='lat' dir='ltr'>modo</span> <span class='ocrx_word' id='word_1_179' title='bbox 883 1724 963 1750; x_wconf 90' lang='lat' dir='ltr'>non</span> <span class='ocrx_word' id='word_1_180' title='bbox 1002 1711 1139 1757; x_wconf 84' lang='lat' dir='ltr'>orbari,</span> <span class='ocrx_word' id='word_1_181' title='bbox 1175 1710 1242 1748; x_wconf 90' lang='lat' dir='ltr'>sed</span> <span class='ocrx_word' id='word_1_182' title='bbox 1276 1710 1390 1747; x_wconf 87' lang='lat' dir='ltr'>etiam</span> <span class='ocrx_word' id='word_1_183' title='bbox 1424 1710 1553 1760; x_wconf 82' lang='lat' dir='ltr'>augeri</span> 
     </span>
     <span class='ocr_line' id='line_1_24' title="bbox 228 1781 533 1820; baseline -0.003 -1"><span class='ocrx_word' id='word_1_184' title='bbox 228 1788 406 1820; x_wconf 86' lang='lat' dir='ltr'>senectus</span> <span class='ocrx_word' id='word_1_185' title='bbox 427 1781 533 1819; x_wconf 87' lang='lat' dir='ltr'>solet.</span> 
     </span>
     <span class='ocr_line' id='line_1_25' title="bbox 283 1842 1552 1895; baseline -0.006 -10"><span class='ocrx_word' id='word_1_186' title='bbox 283 1847 477 1894; x_wconf 83' lang='lat' dir='ltr'>Quattuor</span> <span class='ocrx_word' id='word_1_187' title='bbox 510 1848 692 1884; x_wconf 88' lang='lat' dir='ltr'>robustos</span> <span class='ocrx_word' id='word_1_188' title='bbox 725 1846 834 1891; x_wconf 88' lang='lat' dir='ltr'>filios,</span> <span class='ocrx_word' id='word_1_189' title='bbox 867 1845 1036 1895; x_wconf 89' lang='lat' dir='ltr'>quinque</span> <span class='ocrx_word' id='word_1_190' title='bbox 1064 1843 1170 1888; x_wconf 87' lang='lat' dir='ltr'>filias,</span> <span class='ocrx_word' id='word_1_191' title='bbox 1202 1848 1347 1879; x_wconf 83' lang='lat' dir='ltr'>tantam</span> <span class='ocrx_word' id='word_1_192' title='bbox 1382 1842 1552 1887; x_wconf 87' lang='lat' dir='ltr'>domum,</span> 
     </span>
     <span class='ocr_line' id='line_1_26' title="bbox 229 1907 1552 1962; baseline -0.005 -11"><span class='ocrx_word' id='word_1_193' title='bbox 229 1918 354 1951; x_wconf 88' lang='lat' dir='ltr'>tantas</span> <span class='ocrx_word' id='word_1_194' title='bbox 387 1912 581 1951; x_wconf 84' lang='lat' dir='ltr'>clientelas</span> <span class='ocrx_word' id='word_1_195' title='bbox 614 1911 766 1962; x_wconf 87' lang='lat' dir='ltr'>Appius</span> <span class='ocrx_word' id='word_1_196' title='bbox 800 1911 959 1960; x_wconf 87' lang='lat' dir='ltr'>regebat</span> <span class='ocrx_word' id='word_1_197' title='bbox 992 1916 1028 1947; x_wconf 87' lang='lat' dir='ltr'>et</span> <span class='ocrx_word' id='word_1_198' title='bbox 1059 1920 1197 1946; x_wconf 85' lang='lat' dir='ltr'>caecus</span> <span class='ocrx_word' id='word_1_199' title='bbox 1231 1915 1267 1945; x_wconf 88' lang='lat' dir='ltr'>et</span> <span class='ocrx_word' id='word_1_200' title='bbox 1301 1920 1430 1946; x_wconf 85' lang='lat' dir='ltr'>senex.</span> <span class='ocrx_word' id='word_1_201' title='bbox 1488 1907 1552 1944; x_wconf 89' lang='lat' dir='ltr'>In-</span> 
     </span>
     <span class='ocr_line' id='line_1_27' title="bbox 172 1973 1552 2026; baseline -0.005 -10"><span class='ocrx_word' id='word_1_202' title='bbox 172 1990 207 2021; x_wconf 77' lang='lat'>25</span> <span class='ocrx_word' id='word_1_203' title='bbox 227 1984 376 2017; x_wconf 88' lang='lat' dir='ltr'>tentum</span> <span class='ocrx_word' id='word_1_204' title='bbox 406 1979 510 2016; x_wconf 90' lang='lat' dir='ltr'>enirn</span> <span class='ocrx_word' id='word_1_205' title='bbox 540 1978 723 2023; x_wconf 87' lang='lat' dir='ltr'>animum,</span> <span class='ocrx_word' id='word_1_206' title='bbox 757 1984 954 2026; x_wconf 85' lang='lat' dir='ltr'>tamquam</span> <span class='ocrx_word' id='word_1_207' title='bbox 983 1986 1127 2019; x_wconf 89' lang='lat' dir='ltr'>arcum,</span> <span class='ocrx_word' id='word_1_208' title='bbox 1159 1973 1335 2019; x_wconf 83' lang='lat' dir='ltr'>habebat,</span> <span class='ocrx_word' id='word_1_209' title='bbox 1367 1985 1439 2011; x_wconf 91' lang='lat' dir='ltr'>nec</span> <span class='ocrx_word' id='word_1_210' title='bbox 1472 1973 1552 2010; x_wconf 80' lang='lat' dir='ltr'>lan-</span> 
     </span>
     <span class='ocr_line' id='line_1_28' title="bbox 226 2039 1551 2094; baseline -0.005 -12"><span class='ocrx_word' id='word_1_211' title='bbox 226 2056 417 2094; x_wconf 85' lang='lat' dir='ltr'>guescens</span> <span class='ocrx_word' id='word_1_212' title='bbox 465 2044 743 2082; x_wconf 85' lang='lat' dir='ltr'>succumbebat</span> <span class='ocrx_word' id='word_1_213' title='bbox 792 2042 990 2080; x_wconf 86' lang='lat' dir='ltr'>senectuti.</span> <span class='ocrx_word' id='word_1_214' title='bbox 1077 2039 1257 2077; x_wconf 87' lang='lat' dir='ltr'>Tenebat</span> <span class='ocrx_word' id='word_1_215' title='bbox 1304 2051 1384 2076; x_wconf 91' lang='lat' dir='ltr'>non</span> <span class='ocrx_word' id='word_1_216' title='bbox 1432 2039 1551 2076; x_wconf 90' lang='lat' dir='ltr'>modo</span> 
     </span>
     <span class='ocr_line' id='line_1_29' title="bbox 226 2106 1553 2157; baseline -0.005 -9"><span class='ocrx_word' id='word_1_217' title='bbox 226 2111 490 2148; x_wconf 84' lang='lat' dir='ltr'>auctoritatem</span> <span class='ocrx_word' id='word_1_218' title='bbox 538 2110 607 2148; x_wconf 88' lang='lat' dir='ltr'>sed</span> <span class='ocrx_word' id='word_1_219' title='bbox 654 2110 768 2147; x_wconf 82' lang='lat' dir='ltr'>etiam</span> <span class='ocrx_word' id='word_1_220' title='bbox 816 2109 1019 2157; x_wconf 87' lang='lat' dir='ltr'>imperium</span> <span class='ocrx_word' id='word_1_221' title='bbox 1066 2107 1105 2143; x_wconf 88' lang='lat' dir='ltr'>in</span> <span class='ocrx_word' id='word_1_222' title='bbox 1150 2117 1268 2152; x_wconf 88' lang='lat' dir='ltr'>suos;</span> <span class='ocrx_word' id='word_1_223' title='bbox 1327 2106 1553 2143; x_wconf 87' lang='lat' dir='ltr'>metuebant</span> 
     </span>
     <span class='ocr_line' id='line_1_30' title="bbox 228 2171 1553 2222; baseline -0.005 -8"><span class='ocrx_word' id='word_1_224' title='bbox 228 2175 335 2222; x_wconf 81' lang='lat' dir='ltr'>servi,</span> <span class='ocrx_word' id='word_1_225' title='bbox 369 2176 596 2213; x_wconf 80' lang='lat' dir='ltr'>verebantur</span> <span class='ocrx_word' id='word_1_226' title='bbox 628 2175 747 2221; x_wconf 88' lang='lat' dir='ltr'>liberi,</span> <span class='ocrx_word' id='word_1_227' title='bbox 783 2186 914 2212; x_wconf 88' lang='lat' dir='ltr'>carum</span> <span class='ocrx_word' id='word_1_228' title='bbox 953 2184 1089 2211; x_wconf 88' lang='lat' dir='ltr'>omnes</span> <span class='ocrx_word' id='word_1_229' title='bbox 1128 2171 1345 2208; x_wconf 86' lang='lat' dir='ltr'>habebant:</span> <span class='ocrx_word' id='word_1_230' title='bbox 1402 2171 1553 2220; x_wconf 85' lang='lat' dir='ltr'>vigebat</span> 
     </span>
     <span class='ocr_line' id='line_1_31' title="bbox 226 2236 1552 2289; baseline -0.003 -11"><span class='ocrx_word' id='word_1_231' title='bbox 226 2241 265 2278; x_wconf 92' lang='lat' dir='ltr'>in</span> <span class='ocrx_word' id='word_1_232' title='bbox 294 2241 357 2278; x_wconf 88' lang='lat' dir='ltr'>illa</span> <span class='ocrx_word' id='word_1_233' title='bbox 384 2240 503 2278; x_wconf 87' lang='lat' dir='ltr'>domo</span> <span class='ocrx_word' id='word_1_234' title='bbox 533 2253 619 2278; x_wconf 89' lang='lat' dir='ltr'>mos</span> <span class='ocrx_word' id='word_1_235' title='bbox 646 2241 790 2289; x_wconf 87' lang='lat' dir='ltr'>patrius</span> <span class='ocrx_word' id='word_1_236' title='bbox 818 2246 854 2276; x_wconf 86' lang='lat' dir='ltr'>et</span> <span class='ocrx_word' id='word_1_237' title='bbox 885 2238 1094 2287; x_wconf 88' lang='lat' dir='ltr'>disciplina.</span> <span class='ocrx_word' id='word_1_238' title='bbox 1156 2236 1214 2274; x_wconf 82' lang='lat' dir='ltr'>Ita</span> <span class='ocrx_word' id='word_1_239' title='bbox 1241 2236 1344 2273; x_wconf 89' lang='lat' dir='ltr'>enim</span> <span class='ocrx_word' id='word_1_240' title='bbox 1373 2242 1552 2274; x_wconf 90' lang='lat' dir='ltr'>senectus</span> 
     </span>
     <span class='ocr_line' id='line_1_32' title="bbox 169 2302 1550 2354; baseline -0.003 -12"><span class='ocrx_word' id='word_1_241' title='bbox 169 2319 209 2351; x_wconf 79' lang='lat'>30</span> <span class='ocrx_word' id='word_1_242' title='bbox 227 2305 389 2344; x_wconf 84' lang='lat' dir='ltr'>honesta</span> <span class='ocrx_word' id='word_1_243' title='bbox 428 2311 497 2351; x_wconf 85' lang='lat' dir='ltr'>est,</span> <span class='ocrx_word' id='word_1_244' title='bbox 532 2306 562 2343; x_wconf 90' lang='lat' dir='ltr'>si</span> <span class='ocrx_word' id='word_1_245' title='bbox 602 2318 642 2343; x_wconf 87' lang='lat' dir='ltr'>se</span> <span class='ocrx_word' id='word_1_246' title='bbox 681 2306 766 2354; x_wconf 84' lang='lat' dir='ltr'>ipsa</span> <span class='ocrx_word' id='word_1_247' title='bbox 800 2304 979 2347; x_wconf 80' lang='lat' dir='ltr'>defendit,</span> <span class='ocrx_word' id='word_1_248' title='bbox 1020 2303 1050 2340; x_wconf 91' lang='lat' dir='ltr'>si</span> <span class='ocrx_word' id='word_1_249' title='bbox 1090 2303 1147 2339; x_wconf 89' lang='lat' dir='ltr'>ius</span> <span class='ocrx_word' id='word_1_250' title='bbox 1186 2314 1298 2339; x_wconf 85' lang='lat' dir='ltr'>suum</span> <span class='ocrx_word' id='word_1_251' title='bbox 1337 2302 1481 2348; x_wconf 85' lang='lat' dir='ltr'>retinet,</span> <span class='ocrx_word' id='word_1_252' title='bbox 1521 2302 1550 2339; x_wconf 87' lang='lat' dir='ltr'>si</span> 
     </span>
     <span class='ocr_line' id='line_1_33' title="bbox 228 2368 1550 2421; baseline -0.004 -13"><span class='ocrx_word' id='word_1_253' title='bbox 228 2372 371 2408; x_wconf 86' lang='lat' dir='ltr'>nemini</span> <span class='ocrx_word' id='word_1_254' title='bbox 420 2371 639 2421; x_wconf 80' lang='lat' dir='ltr'>mancipata</span> <span class='ocrx_word' id='word_1_255' title='bbox 682 2378 748 2416; x_wconf 85' lang='lat' dir='ltr'>cst,</span> <span class='ocrx_word' id='word_1_256' title='bbox 799 2370 829 2408; x_wconf 85' lang='lat' dir='ltr'>si</span> <span class='ocrx_word' id='word_1_257' title='bbox 871 2381 992 2419; x_wconf 88' lang='lat' dir='ltr'>usque</span> <span class='ocrx_word' id='word_1_258' title='bbox 1035 2368 1086 2406; x_wconf 81' lang='lat' dir='ltr'>ad</span> <span class='ocrx_word' id='word_1_259' title='bbox 1125 2374 1340 2405; x_wconf 78' lang='lat' dir='ltr'>extremum</span> <span class='ocrx_word' id='word_1_260' title='bbox 1380 2368 1550 2416; x_wconf 84' lang='lat' dir='ltr'>spiritum</span> 
     </span>
    </p>
   </div>
  </div>
 </body>
</html>
