1629 2553
136 115 190 157 74
478 112 537 142 Ex
545 110 723 143 TRACTS
752 112 811 142 FR
818 111 887 142 OM
915 111 1091 146 CICERO.

455 283 512 316 21.
560 277 598 314 T
592 278 633 315 he
663 277 800 327 Effecls
829 277 876 327 of
898 277 1003 315 Cz'vz'l
1038 278 1135 316 War.

186 399 383 447 Quamdiu
423 398 624 448 imperium
658 397 790 447 populi
825 397 992 435 Romani
1024 397 1218 435 beneficiis
1252 398 1449 435 tenebatur

132 478 211 503 non
231 466 385 509 iniuriis,
406 464 503 501 bella
524 471 588 501 aut
607 475 677 512 pro
708 463 822 501 sociis
851 470 913 500 aut
943 462 990 500 de
1019 464 1178 512 imperio
1207 464 1446 512 gerebantur,

132 532 253 568 exitus
288 536 394 567 erant
428 529 616 566 bellorum
651 535 714 566 aut
748 529 858 565 mites
897 535 961 566 aut
999 529 1210 566 necessarii.
1285 528 1450 576 Regum,

132 595 374 645 populorum,
392 595 592 631 nationum
613 600 745 644 portus
765 600 843 630 erat
864 599 901 630 et
920 592 1110 642 refugium
1132 599 1306 631 senatus:
1331 593 1450 630 nostri

132 669 257 699 autem
284 661 526 709 magistratus
555 660 879 709 imperatoresque
906 671 952 695 ex
979 658 1050 695 hac
1076 671 1152 696 una
1175 671 1214 695 re
1241 659 1451 695 maximam
1471 672 1487 702 5

131 727 283 764 laudem
313 738 449 774 capere
479 724 693 770 studebant,
724 725 755 762 si
784 724 1010 773 provincias,
1041 724 1072 762 si
1101 724 1228 761 socios
1263 724 1451 772 aequitate

132 798 168 829 et
199 791 273 829 fide
304 790 574 828 defendissent.
632 790 767 839 Itaque
798 788 888 826 illud
918 789 1170 838 patrocinium
1199 789 1302 825 orbis
1332 795 1451 825 terrae

131 857 252 894 verius
300 868 416 905 quam
464 854 667 904 imperium
710 860 859 904 poterat
901 854 1099 892 nominari.
1159 853 1309 891 Sensim
1351 853 1451 891 hanc

131 922 451 959 consuetudinem
479 927 515 958 et
540 920 781 970 disciplinam
808 921 884 958 iam
909 926 1021 957 antea
1040 920 1335 966 minuebamus3
1364 925 1452 968 post

131 1000 219 1025 vero
252 987 376 1024 Sullae
408 986 605 1023 victoriam
636 986 788 1035 penitus
818 986 1037 1023 amisimus:
1072 985 1234 1022 desitum
1264 990 1320 1021 est
1349 984 1451 1021 enim

132 1052 247 1090 videri
268 1052 478 1101 quidquam
509 1051 546 1087 in
575 1050 703 1088 socios
724 1051 909 1100 iniquum,
931 1063 1049 1100 quum
1070 1050 1272 1088 exstitisset
1292 1051 1331 1087 in
1352 1051 1452 1088 cives

132 1125 236 1156 tanta
256 1117 468 1155 crudelitas.
525 1116 631 1165 Ergo
661 1116 699 1153 in
729 1116 791 1154 illo
822 1123 952 1154 secuta
981 1122 1037 1154 est
1066 1115 1267 1153 honestam
1297 1127 1452 1153 causam

133 1195 211 1220 non
240 1183 403 1220 honesta
431 1182 597 1219 victoria.
653 1181 723 1219 Est
751 1182 854 1218 enim
884 1192 999 1219 ausus
1029 1181 1164 1227 dicere,
1184 1180 1292 1218 hasta
1317 1182 1451 1230 posita,

133 1261 251 1298 quum
284 1249 388 1285 bona
416 1247 454 1284 in
483 1246 567 1284 foro
596 1246 774 1284 venderet
802 1253 839 1284 et
867 1248 1059 1284 bonorum
1087 1247 1253 1284 virorum
1283 1253 1320 1283 et
1348 1246 1451 1284 locu-

133 1314 289 1363 pletium
310 1320 346 1350 et
367 1319 467 1351 certe
488 1313 636 1359 civium,
660 1313 863 1362 ‘praedam
884 1325 925 1351 se
946 1324 1054 1350 suam
1074 1312 1259 1350 vendere.'
1292 1312 1451 1351 Secutus

133 1386 189 1417 est
223 1379 287 1429 qui
322 1379 360 1415 in
395 1390 509 1416 causa
544 1378 671 1427 impia,
706 1378 862 1415 victoria
895 1378 1010 1415 etiam
1044 1377 1226 1424 foediore,
1259 1389 1338 1415 non
1373 1379 1447 1415 sin-

132 1445 307 1494 gulorum
343 1444 481 1481 civium
515 1445 618 1481 bona
651 1444 871 1493 publicaret,
907 1444 975 1481 sed
1009 1444 1203 1481 universas
1237 1445 1449 1492 provincias

130 1509 385 1558 regionesque
415 1521 493 1546 uno
526 1509 749 1546 calamitatis
780 1509 858 1546 iure
888 1509 1240 1558 comprehenderet.
1304 1509 1448 1558 Itaque,

129 1576 271 1613 vexatis
304 1586 348 1612 ac
378 1574 535 1623 perditis
565 1575 702 1612 exteris
734 1575 963 1620 nationibus,
995 1575 1044 1612 ad
1073 1575 1291 1624 exemplum
1321 1576 1449 1613 amissi

128 1640 276 1690 imperii
316 1640 457 1688 portari
492 1641 529 1677 in
564 1639 757 1689 triumpho
792 1639 1004 1677 Massiliam
1038 1640 1212 1687 vidimus,
1245 1647 1282 1678 et
1319 1654 1366 1678 ex
1406 1655 1450 1679 ea

128 1707 220 1743 urbe
254 1705 476 1754 triumphari
507 1705 589 1742 sine
620 1717 696 1754 qua
729 1717 941 1754 numquam
973 1707 1093 1743 nostri
1125 1706 1372 1755 imperatores
1402 1721 1449 1746 ex

129 1771 395 1821 Transalpinis
425 1771 532 1808 bellis
562 1770 852 1819 triumpharunt.
910 1770 1032 1808 Multa
1060 1778 1256 1820 praeterea
1279 1784 1448 1811 comme-

127 1849 317 1875 morarem
338 1836 483 1874 nefaria
504 1837 542 1873 in
564 1837 702 1882 socios,
725 1837 755 1873 si
776 1836 850 1873 hoc
876 1848 955 1874 uno
983 1836 1192 1887 quidquam
1220 1837 1275 1874 sol
1296 1838 1448 1877 vidisset

127 1903 332 1951 indignius.
406 1902 493 1939 Iure
537 1901 648 1950 igitur
690 1901 900 1951 plectimur.
970 1901 1054 1939 Nisi
1097 1902 1198 1939 enim
1242 1903 1448 1942 multorum

127 1967 372 2016 impunitates
402 1966 587 2003 scelerum
619 1966 846 2012 tulissemus,
879 1978 1089 2015 numquam
1119 1967 1167 2004 ad
1197 1979 1316 2004 unum
1345 1976 1448 2007 tanta
1468 1988 1481 2009 2

128 2032 362 2082 pervenisset
381 2031 553 2069 lieentia:
585 2044 607 2069 a
627 2044 705 2082 quo
730 2031 886 2082 quidem
912 2031 964 2068 rei
994 2031 1184 2070 familiaris
1213 2033 1261 2070 ad
1291 2046 1447 2083 paucos,

128 2098 378 2147 cupiditatum
408 2097 457 2134 ad
487 2096 626 2134 multos
656 2097 855 2146 improbos
874 2097 973 2135 venit
997 2097 1197 2136 hereditas.
1255 2098 1338 2136 Nec
1358 2111 1447 2137 vero

127 2175 311 2213 umquam
349 2163 534 2200 bellorum
575 2162 737 2200 civilium
777 2175 908 2200 semen
951 2170 987 2201 et
1031 2175 1144 2201 causa
1187 2164 1313 2211 deerit,
1354 2165 1446 2203 dum

128 2230 303 2267 homines
341 2230 475 2279 perditi
514 2229 663 2267 hastam
705 2229 805 2266 illam
847 2236 1042 2267 cruentam
1074 2236 1110 2267 et
1140 2231 1381 2269 meminerint
1410 2239 1447 2270 et

1474 997 1511 1019 10

1473 1328 1508 1359 15

1472 1660 1509 1682 20

128 2297 345 2345 sperabunt,
381 2308 496 2345 quam
536 2295 575 2332 P.
614 2295 716 2332 Sulla
754 2308 871 2344 quum
911 2296 1103 2341 vibrasset,
1139 2296 1321 2335 dictatore
1359 2310 1445 2347 pro·
1463 2318 1504 2349 30

127 2362 271 2411 pinquo
300 2372 382 2408 suo,
407 2361 520 2407 idem,
545 2367 653 2398 sexto
681 2361 871 2398 tricesimo
901 2373 1003 2399 anno
1031 2367 1129 2410 post,
1159 2374 1180 2399 a
1210 2362 1445 2401 sceleratiore
