1629 2553
534 131 690 161 GREEK
721 129 1004 161 ANECDOTES.
1403 128 1428 172 5

74 244 91 277 5
112 227 214 265 (lona
252 238 274 263 a
312 225 425 263 sociis
464 225 656 269 attulisset,
692 230 729 261 et
769 224 902 262 ceteris
938 225 976 260 in
1012 222 1123 261 rebus
1158 235 1309 261 comem
1339 235 1430 271 erga

112 291 353 341 Lysandrum
393 297 506 339 atque
545 289 756 326 humanum
795 288 923 334 fuisse,
958 295 994 326 et
1028 289 1061 325 ei
1097 288 1304 338 quemdam
1338 299 1429 325 con-

113 363 262 407 septum
283 367 416 404 agrum
438 354 636 403 diligenter
657 354 848 392 consitum
869 353 1094 391 ostendisse.
1152 353 1284 399 Quum
1305 359 1430 390 autem

112 422 359 459 admiraretur
393 419 591 469 Lysander
627 426 663 457 et
695 419 942 468 proceritates
976 419 1155 456 arborum
1194 424 1231 455 et
1269 417 1431 455 directos

112 487 151 524 in
181 486 437 536 quincuncem
472 484 626 522 ordines
660 491 696 521 et
729 484 889 521 humum
925 484 1123 520 subactam
1154 489 1266 532 atque
1296 495 1430 532 puram

57 567 94 591 10
114 558 151 590 et
182 552 403 589 suavitatem
435 550 600 588 odorum
632 551 696 599 qui
730 549 945 587 afflarentur
976 561 996 586 e
1028 548 1199 594 floribus,
1228 554 1309 586 tum
1343 560 1430 585 eum

114 617 266 663 dixisse,
287 616 412 653 mirari
434 627 473 653 se
494 627 573 652 non
594 615 713 653 modo
735 614 968 664 diligentiam
993 614 1060 651 sed
1085 614 1198 651 etiam
1223 612 1430 650 sollertiam

112 683 192 719 eius
221 693 243 718 a
272 693 349 731 quo
379 686 509 718 essent
535 680 597 717 illa
625 680 798 717 dimensa
820 687 932 728 atque
954 679 1154 728 descripta,
1176 684 1213 715 et
1233 678 1266 715 ei
1288 677 1430 727 Cyrum

112 745 366 794 respondisse,
408 745 548 794 ‘Atqui
588 757 662 794 ego
701 745 832 782 onmia
865 745 936 781 ista
970 756 1054 781 sum
1089 743 1306 789 dimensus;
1355 743 1431 780 mei

111 818 198 849 sunt
228 811 392 855 ordines,
425 822 511 847 mea
543 810 769 858 descripti03
811 809 953 846 multae
987 809 1100 845 etiam
1134 809 1291 846 istarum
1320 808 1429 846 arbo-

58 890 91 922 ¹5
110 886 193 910 rum
223 885 309 910 mea
337 885 452 909 manu
488 878 575 910 sunt
607 870 734 910 satae.'
793 872 897 909 Tum
936 871 1188 920 Lysandrum,
1219 871 1429 908 intuentem

112 936 191 972 eius
225 947 432 985 purpuram
467 941 503 972 et
537 934 700 972 nitorem
733 935 904 984 corporis
939 939 1195 982 ornatumque
1235 932 1430 970 Persicum

111 1000 231 1038 multo
269 1012 361 1037 auro
400 1000 604 1049 multisque
646 1000 820 1049 gemmis,
860 999 1027 1036 dixisse:
1077 997 1220 1035 ‘Recte
1254 1009 1344 1035 vero
1383 1004 1430 1042 te,

112 1065 222 1115 Cyre,
242 1066 397 1103 beatum
426 1064 560 1110 ferunt,
582 1065 765 1114 quoniam
786 1064 908 1102 virtuti
934 1070 1021 1102 tuae
1048 1063 1200 1102 fortuna
1227 1063 1431 1101 coniuncta

112 1129 207 1168 estl’

516 1271 555 1305 6.
594 1266 788 1315 Lysander
817 1271 858 1303 al
884 1266 1032 1304 Allzens.

166 1386 407 1436 Lysandrum
440 1387 792 1425 Lacedaemonium
827 1388 950 1426 dicere
982 1389 1085 1426 aiunt
1117 1388 1281 1436 solitum,
1313 1389 1435 1427 Lace-

116 1453 305 1490 daemone
334 1465 417 1491 esse
447 1452 760 1492 honestissimum
791 1454 1025 1492 domicilium
1059 1455 1274 1492 senectutis‘
1333 1454 1435 1492 Nus-

113 1529 229 1567 quam
263 1518 366 1555 enim
400 1525 548 1556 tantum
583 1519 755 1556 tribuitur
789 1520 911 1564 aetati,
943 1531 1135 1568 nusquam
1169 1526 1225 1557 est
1258 1526 1436 1558 senectus

114 1582 347 1620 honoratior.
424 1583 529 1630 Quin
574 1584 686 1621 etiam
729 1585 938 1622 memoriae
977 1585 1171 1634 proditum
1209 1591 1277 1631 est,
1317 1597 1436 1635 quum

78 1666 95 1698 5
117 1648 292 1694 Athenis,
322 1648 430 1696 ludis,
463 1649 619 1698 quidam
652 1650 692 1687 in
722 1650 911 1687 theatrum
944 1650 1099 1699 grandis
1133 1657 1226 1688 natu
1259 1651 1436 1697 venisset,

116 1715 156 1752 in
182 1726 326 1764 magno
351 1727 537 1752 consessu
560 1715 689 1753 locum
709 1728 900 1766 nusquam
921 1716 955 1754 ei
975 1716 1107 1753 datum
1127 1729 1149 1753 a
1169 1717 1246 1754 suis
1268 1716 1437 1763 civibus;

114 1791 234 1828 quum
256 1786 383 1817 autem
404 1781 453 1818 ad
477 1780 810 1818 Lacedaemonios
831 1782 1064 1827 accessisset,
1086 1781 1160 1830 qui,
1181 1781 1295 1830 legati
1317 1793 1435 1830 quum

113 1852 251 1891 essent,
283 1852 385 1883 certo
416 1846 455 1883 in
484 1846 572 1884 loco
602 1846 868 1892 consederant,
900 1847 1188 1884 consurrexisse
1218 1859 1368 1893 omnes,
1398 1856 1435 1886 et

113 1922 246 1948 senem
272 1911 376 1948 illum
401 1924 549 1949 sessum
570 1912 769 1961 recepisse.
827 1912 979 1959 Quibus
1000 1925 1119 1962 quum
1140 1925 1162 1949 a
1181 1919 1320 1950 cuncto
1340 1925 1433 1951 con-

59 1989 96 2013 10
115 1988 224 2014 sessu
244 1976 400 2025 plausus
421 1983 521 2014 esset
540 1977 738 2027 multiplex
759 1977 878 2024 datus,
901 1977 1040 2015 dixisse
1067 1990 1113 2014 ex
1140 1978 1184 2015 iis
1211 1979 1434 2027 quemdam,

112 2041 366 2080 Athenienses
387 2043 481 2080 scire
502 2054 599 2092 quae
619 2049 721 2080 recta
741 2048 879 2089 essent,
903 2042 970 2080 sed
990 2042 1115 2080 facere
1135 2042 1247 2082 nolle.

520 2186 558 2220 7.
605 2181 735 2229 Cj‘rus’
757 2181 856 2220 Lasl
891 2182 1028 2220 Words.

168 2315 284 2366 Apud
333 2315 634 2365 Xenophontem
673 2317 841 2354 moriens
881 2316 1002 2365 Cyrus
1040 2318 1162 2355 maior
1200 2315 1299 2356 haec
1338 2317 1437 2356 dicit.

115 2380 267 2419 ‘Nolite
302 2381 482 2428 arbitrari,
514 2393 537 2419 o
569 2380 659 2419 mihi
691 2381 873 2420 carissimi
907 2382 982 2428 filii,
1014 2395 1086 2428 me,
1119 2394 1236 2432 quum
1274 2395 1295 2420 a
1330 2385 1438 2422 vobis
