1629 2553
579 100 737 130 GREEK
768 100 1050 133 ANECDOTES.
1452 113 1476 152 9

105 203 138 234 ²5
160 197 198 229 ut
227 192 429 241 pecuniam
458 192 629 242 accipere
651 193 816 236 mallent,
839 195 1148 243 possessionibus
1170 195 1359 244 cederent,
1381 198 1475 245 aliis,

158 263 198 294 ut
240 257 483 296 commodius
523 265 700 308 putarent
743 260 933 297 numerari
982 260 1051 298 sibi
1100 261 1204 310 quod
1235 262 1328 299 tanti
1357 270 1470 308 esset,

157 334 273 371 quam
295 335 405 360 suum
426 336 660 373 recuperare.
719 325 778 362 Ita
807 325 1016 374 perfectum
1046 332 1104 363 est
1133 332 1174 363 ut
1203 338 1350 373 omnes,
1380 340 1473 365 con-

157 387 288 425 cordia
307 390 522 436 constituta,
545 390 626 427 sine
648 390 800 439 querela
821 390 1070 428 discederent.
1103 390 1139 429 O
1154 391 1273 428 virum
1289 405 1476 442 magnum

157 452 405 503 dignumque,
427 455 491 503 qui
512 455 550 491 in
572 462 702 492 nostra
726 455 919 504 republica
943 464 1054 493 natus
1082 459 1202 494 esset!
1239 456 1301 495 Sic
1327 469 1397 507 par
1421 466 1477 497 est

96 530 138 560 30
155 529 267 566 agere
287 531 373 556 curn
396 520 550 566 civibus,
578 532 668 566 non,
696 527 737 557 ut
760 521 819 558 bis
846 520 921 557 iarn
948 521 1122 567 vidimus,
1153 521 1302 560 hastam
1326 523 1364 560 in
1390 523 1475 561 foro

154 593 297 631 ponere
332 590 369 621 et
401 585 503 622 bona
537 585 674 622 civium
709 585 793 622 voci
828 586 1012 623 subiicere
1044 587 1258 635 praeconis.
1328 588 1379 626 At
1415 589 1474 626 ille

154 647 336 695 Graecus,
357 649 395 686 id
416 649 520 699 quod
551 649 619 687 fuit
648 651 829 699 sapientis
860 657 896 688 et
925 652 1154 700 praestantis
1183 653 1262 698 viri,
1292 655 1474 692 omnibus

150 713 431 752 consulendum
461 715 626 764 putavit:
676 727 797 764 eaque
827 722 884 753 est
913 728 1064 754 summa
1093 718 1187 754 ratio
1217 724 1254 755 et
1284 719 1470 768 sapientia

149 778 239 815 boni
278 779 380 825 civis,
411 780 619 818 commoda
658 781 794 818 civium
834 793 913 818 non
952 781 1139 828 divellere,
1179 788 1294 833 atque
1333 796 1473 823 omnes

92 848 129 880 35
149 844 338 893 aequitate
359 844 493 882 eadem
515 845 724 883 continere.

560 994 623 1029 14.
666 989 853 1040 Consempt
877 992 926 1043 (ff
944 992 1058 1031 Paz‘n.

201 1112 311 1149 Pueri
333 1112 542 1162 Spartiatae
564 1124 641 1149 non
662 1111 919 1161 ingemiscunt
939 1115 1138 1152 verberum
1168 1115 1298 1154 dolore
1325 1116 1464 1155 laniati.
1515 1148 1521 1152 a

145 1178 459 1216 Adolescentium
488 1190 624 1227 greges
654 1177 949 1216 Lacedaemone
970 1180 1133 1218 vidimus
1161 1181 1232 1230 ipsi
1260 1183 1466 1221 incredibili

144 1244 390 1283 contentione
439 1250 625 1281 certantes
672 1231 824 1292 pugnis,
872 1244 1050 1291 calcibus,
1089 1247 1293 1295 unguibus,
1333 1260 1464 1287 morsu

143 1310 319 1360 denique,
341 1321 459 1359 quum
483 1309 792 1346 exanimarentur
812 1310 927 1358 prius,
949 1323 1065 1360 quam
1087 1324 1127 1349 se
1155 1312 1275 1350 victos
1302 1314 1465 1352 fateren-

104 1388 121 1418 5
142 1382 209 1412 tur.
265 1374 375 1422 Quae
395 1375 570 1412 barbaria
590 1374 700 1412 India
719 1375 858 1412 vastior
877 1382 941 1413 aut
961 1377 1171 1425 agrestior?
1202 1377 1246 1414 In
1268 1391 1313 1416 ea
1333 1385 1460 1418 tamen

141 1448 258 1490 gente
278 1441 445 1491 primum
475 1441 498 1477 ii
528 1441 591 1490 qui
614 1440 805 1489 sapientes
825 1440 1012 1479 habentur
1032 1442 1124 1480 nudi
1145 1450 1309 1481 aetatem
1337 1452 1454 1495 agunt

141 1513 179 1545 et
209 1506 372 1545 Caucasi
405 1507 511 1544 nives
544 1505 825 1555 hiemalemque
860 1506 934 1543 vim
966 1507 1161 1556 perferunt
1195 1510 1275 1547 sine
1308 1510 1462 1549 dolore:

140 1584 336 1622 quumque
367 1571 415 1608 ad
446 1570 643 1608 flammam
678 1583 718 1608 se
749 1570 1044 1620 applicaverunt,
1078 1573 1159 1611 sine
1193 1576 1339 1624 gemitu
1370 1577 1464 1614 adu-

139 1644 281 1676 runtur.
339 1636 521 1674 Mulieres
551 1647 640 1673 vero
669 1636 708 1673 in
738 1635 860 1682 India,
893 1650 1011 1686 quum
1038 1645 1094 1676 est
1123 1641 1230 1677 cuius
1257 1653 1387 1678 earum
1408 1643 1463 1679 vir

83 1712 120 1735 ¹0
139 1710 324 1750 mortuus,
347 1703 386 1739 in
408 1708 602 1740 certamen
631 1701 890 1751 iudiciumque
916 1704 1082 1750 veniunt,
1116 1717 1232 1754 quarn
1256 1706 1463 1755 plurimum

138 1769 199 1806 ille
221 1768 418 1806 dilexerit:
447 1767 575 1816 plures
596 1766 698 1804 enim
730 1767 888 1816 singulis
910 1769 1034 1806 solent
1055 1782 1138 1807 esse
1166 1778 1332 1820 nuptae:
1363 1784 1461 1821 quae

138 1841 195 1872 est
224 1834 367 1879 victrix,
391 1845 436 1870 ea
464 1833 570 1878 laeta,
605 1834 926 1882 prosequentibus
960 1835 1048 1880 suis,
1081 1847 1157 1872 una
1192 1848 1279 1874 cum
1311 1838 1390 1876 viro
1423 1839 1461 1876 in

138 1911 275 1948 rogum
306 1898 535 1948 imponitur:
575 1897 637 1935 illa
665 1898 764 1936 victa
792 1905 938 1937 maesta
967 1900 1138 1938 discedit.
1181 1901 1460 1951 Aegyptiorum

138 1976 289 2002 morem
328 1964 412 2013 quis
451 1964 632 2012 ignorat?
688 1976 853 2013 quorum
892 1965 1060 2003 imbutae
1093 1977 1240 2006 mentes
1268 1970 1460 2017 pravitatis

81 2044 116 2075 15
139 2029 328 2067 erroribus
358 2029 531 2079 quamvis
560 2029 819 2067 carnificinam
849 2030 951 2080 prius
982 2031 1174 2078 subierint,
1214 2045 1329 2082 quam
1368 2035 1459 2072 ibim

137 2102 202 2132 aut
231 2095 405 2145 aspidem
435 2101 500 2132 aut
529 2094 642 2131 felem
671 2102 735 2132 aut
764 2107 901 2133 canem
931 2103 995 2134 aut
1024 2097 1260 2135 crocodilum
1294 2099 1458 2138 violent:

136 2173 301 2210 quorum
331 2161 445 2198 etiam
476 2160 507 2197 si
545 2160 807 2210 imprudentes
846 2162 1043 2211 quippiam
1082 2162 1250 2209 fecerint,
1290 2176 1458 2213 poenam

137 2226 281 2263 nullam
301 2232 489 2264 recusent.
530 2225 590 2263 De
610 2226 830 2264 hominibus
851 2227 997 2277 loquor.
1040 2227 1144 2274 Quid
1164 2229 1334 2266 bestiae?
1364 2230 1456 2268 Non

136 2291 264 2340 frigus,
293 2303 374 2329 non
403 2291 554 2337 famem,
585 2304 665 2329 non
695 2292 936 2342 montivagos
965 2299 1078 2342 atque
1109 2293 1294 2332 silvestres
1325 2308 1456 2334 cursus

79 2368 117 2390 20
135 2356 455 2406 lustrationesque
476 2357 690 2406 patiuntur?
718 2369 796 2395 non
817 2370 887 2407 pro
909 2370 978 2396 suo
999 2364 1110 2407 partu
1130 2359 1180 2396 ita
1201 2368 1457 2409 propugnant,
