1629 2553
555 96 710 126 GREEK
740 94 1025 127 ANECDOTES.
1395 97 1446 139 23

77 201 112 233 ²5
133 193 238 242 sequi
273 191 480 236 videbatur,
513 189 580 227 sed
613 201 658 227 ea
697 188 799 227 nulla
837 195 926 233 erat,
962 195 1200 238 repugnante
1239 187 1449 225 honestate.

133 257 414 295 Themistocles
453 262 540 306 post
574 254 767 293 victoriam
807 254 887 291 eius
925 253 1022 299 belli,
1058 253 1164 303 quod
1203 266 1289 291 cum
1329 253 1451 290 Persis

132 322 210 368 fuit,
249 322 343 360 dixit
387 322 426 358 in
471 321 660 365 contione,
701 331 741 357 se
787 318 926 356 habere
974 318 1175 356 consilium
1224 317 1452 367 reipublicae

133 387 305 432 salutare,
328 387 396 424 sed
425 386 463 423 id
493 385 578 423 sciri
608 397 686 422 non
715 396 814 432 opus
843 395 949 422 esse:
989 384 1204 433 postulavit,
1225 390 1266 420 ut
1286 383 1453 432 aliquem

134 452 298 501 populus
329 451 444 496 daret,
475 451 630 500 quicum
658 449 970 487 communicaret.
1028 449 1150 487 Datus
1177 454 1233 486 est
1256 448 1453 485 Aristides.

77 530 116 560 30
137 517 240 555 Huic
272 517 344 563 ille,
377 517 538 554 classem
568 515 978 561 Lacedaemoniorum,
1008 526 1108 564 quae
1139 513 1327 552 subducta
1356 520 1456 551 esset

135 583 184 620 ad
216 582 420 632 Gytheum,
454 582 552 619 clam
583 580 735 618 incendi
768 591 908 629 posse;
945 591 1023 629 quo
1053 579 1153 617 facto
1184 579 1306 628 frangi
1335 578 1456 616 Lace-

136 648 429 686 daemoniorum
470 658 567 696 opes
603 658 760 684 necesse
796 651 906 683 esset.
966 645 1084 692 Quod
1117 645 1303 682 Aristides
1337 657 1456 695 quum

135 714 312 760 audisset,
339 714 379 750 in
409 712 631 750 contionem
660 723 803 760 magna
832 711 1119 760 exspectatione
1146 710 1247 747 venit
1277 698 1456 758 dixit‘que,

135 778 293 828 perutile
340 790 424 815 esse
470 776 672 814 consilium
718 776 824 825 quod
862 775 1144 814 Themistocles
1190 775 1350 821 afferret,
1390 773 1457 811 sed

76 854 114 885 35
135 844 291 880 minime
313 843 530 880 honestum.
583 841 718 890 Itaque
738 840 1004 887 Athenienses,
1026 840 1132 890 quod
1152 839 1357 878 honestum
1377 851 1458 877 non

135 916 245 955 esset,
276 909 315 946 id
344 921 392 946 ne
421 907 510 945 utile
540 906 696 956 quidem
726 913 953 956 putaverunt
969 919 979 954 ;
1014 913 1212 956 totamque
1246 917 1332 943 eam
1366 917 1457 950 rem,

136 985 253 1026 quam
274 986 322 1012 ne
342 973 540 1011 audierant
561 971 728 1022 quidem,
750 979 903 1010 auctore
923 971 1088 1009 Aristide
1109 970 1414 1020 repudiaverunt.

201 1134 271 1168 26.
313 1128 440 1167 Cicero
459 1127 564 1176 finds
593 1127 649 1164 the
682 1125 722 1163 T
715 1127 792 1164 omb
820 1127 869 1177 (gf
886 1126 1120 1164 Archimedes
1148 1129 1190 1163 al
1216 1124 1406 1174 Syracuse.

192 1238 432 1278 Archimedis
452 1249 526 1286 ego
546 1243 726 1286 quaestor
746 1237 962 1285 ignoratum
984 1237 1033 1274 ab
1061 1235 1322 1285 Syracusanis
1344 1248 1461 1287 quum

139 1318 223 1344 esse
252 1305 413 1342 omnino
443 1308 639 1352 negarent,
661 1309 812 1351 septum
838 1301 1008 1351 undique
1033 1307 1069 1339 et
1090 1301 1265 1338 vestitum
1287 1301 1462 1349 vepribus
1496 1337 1506 1345 ,

139 1379 176 1410 et
206 1369 368 1408 dumetis
398 1368 575 1417 indagavi
603 1368 829 1417 sepulcrum.
898 1367 1101 1405 Tenebam
1136 1366 1239 1403 enim
1273 1365 1462 1415 quosdam

139 1436 360 1481 senariolos,
391 1446 489 1483 quos
520 1434 559 1471 in
589 1434 670 1471 eius
698 1439 952 1471 monumento
982 1445 1065 1470 esse
1094 1432 1297 1481 inscriptos
1326 1443 1464 1480 accep-

103 1520 119 1552 5
139 1514 255 1548 eram,
286 1501 350 1551 qui
385 1499 632 1538 declarabant
666 1499 704 1536 in
739 1511 892 1536 summo
928 1498 1103 1548 sepulcro
1137 1497 1341 1547 sphaeram
1380 1509 1465 1535 esse

140 1567 305 1618 positam
339 1577 429 1603 cum
463 1564 645 1614 cylindro.
702 1563 789 1614 Ego
828 1571 967 1609 autem,
1002 1575 1121 1612 quum
1159 1563 1291 1600 omnia
1328 1562 1465 1600 collus-

141 1641 278 1671 trarem
307 1631 438 1676 oculis,
475 1632 549 1678 (est
582 1631 685 1668 enim
715 1629 764 1667 ad
795 1636 925 1679 portas
955 1628 1194 1666 Achradinas
1224 1640 1366 1677 magna
1395 1627 1466 1665 sre-

141 1698 297 1748 quentia
327 1694 619 1747 sepulcrorum)
649 1695 896 1733 animadverti
925 1694 1166 1732 columellam
1196 1706 1275 1731 non
1305 1693 1465 1731 muitum

142 1776 162 1801 e
201 1763 326 1801 dumis
368 1762 625 1799 eminentem:
682 1761 721 1798 in
766 1773 842 1810 qua
884 1761 1004 1797 inerat
1048 1758 1232 1808 sphaerae
1271 1759 1392 1808 figura
1430 1766 1467 1796 et

87 1844 124 1867 10
142 1829 310 1878 cylindri.
367 1828 496 1876 Atque
526 1838 600 1876 ego
631 1827 756 1864 statim
787 1825 1033 1876 Syracusanis
1064 1824 1188 1875 (erant
1211 1831 1339 1862 autem
1365 1825 1466 1874 prin-

142 1895 246 1943 cipes
286 1891 456 1942 mecum)
498 1892 586 1938 dixi,
621 1904 683 1929 me
722 1891 813 1929 illud
852 1892 978 1941 ipsum
1017 1891 1187 1928 arbitrari
1226 1902 1323 1937 esse,
1362 1891 1468 1941 quod

142 1971 377 2009 quaererem.
435 1959 603 1996 Immissi
632 1970 720 1995 cum
741 1957 899 1995 falcibus
920 1957 1026 1994 multi
1047 1963 1257 2005 purgarunt
1278 1963 1314 1994 et
1334 1969 1468 2006 aperu-

142 2032 252 2063 erunt
289 2025 429 2062 locum.
488 2023 579 2070 Quo
613 2035 732 2073 quum
767 2023 977 2073 patefactus
1012 2030 1112 2061 esset
1150 2023 1286 2068 aditus,
1321 2023 1369 2060 ad
1404 2023 1468 2060 ad-

144 2103 291 2129 versam
330 2091 453 2127 basim
492 2090 735 2128 accessimus.
806 2090 1028 2139 Apparebat
1067 2088 1316 2138 epigramma,
1348 2089 1470 2126 exesis

90 2173 123 2204 15
144 2156 420 2206 posterioribus
469 2156 639 2205 partibus
687 2155 968 2201 versiculorum,
997 2154 1203 2192 dimidiatis
1251 2154 1340 2193 fere.
1413 2154 1471 2192 Ita

144 2222 382 2259 nobilissima
416 2221 601 2259 Graeciae
634 2221 775 2267 civitas,
812 2221 1010 2270 quondam
1044 2231 1134 2257 vero
1166 2220 1280 2258 etiam
1310 2221 1471 2258 doctiss-

145 2288 233 2334 ima,
272 2288 330 2329 sui
369 2287 458 2325 civis
497 2288 609 2325 unius
649 2286 856 2325 acutissimi
899 2292 1196 2325 monumentum
1246 2286 1470 2335 ignorasset,

146 2353 218 2390 nisi
240 2352 288 2390 ab
310 2352 465 2390 homine
487 2353 669 2401 Arpinate
690 2352 893 2390 didicisset.
