<?xml version="1.0" encoding="UTF-8"?>
<!DOCTYPE html PUBLIC "-//W3C//DTD XHTML 1.0 Transitional//EN"
    "http://www.w3.org/TR/xhtml1/DTD/xhtml1-transitional.dtd">
<html xmlns="http://www.w3.org/1999/xhtml" xml:lang="en" lang="en">
 <head>
  <title>
</title>
<meta http-equiv="Content-Type" content="text/html;charset=utf-8" />
  <meta name='ocr-system' content='tesseract 3.04.00' />
  <meta name='ocr-capabilities' content='ocr_page ocr_carea ocr_par ocr_line ocrx_word'/>
</head>
<body>
  <div class='ocr_page' id='page_1' title='image "./extractsfromcice01ciceuoft_0086.png"; bbox 0 0 1629 2553; ppageno 0'>
   <div class='ocr_carea' id='block_1_1' title="bbox 94 100 1057 154">
    <p class='ocr_par' dir='ltr' id='par_1_1' title="bbox 94 100 1057 154">
     <span class='ocr_line' id='line_1_1' title="bbox 94 100 1057 154; baseline 0.004 -15"><span class='ocrx_word' id='word_1_1' title='bbox 94 100 145 154; x_wconf 86' lang='lat'>78</span> <span class='ocrx_word' id='word_1_2' title='bbox 440 111 685 143; x_wconf 78' lang='lat' dir='ltr'><em>EXTRACTS</em></span> <span class='ocrx_word' id='word_1_3' title='bbox 715 111 851 143; x_wconf 84' lang='lat' dir='ltr'><em>FROM</em></span> <span class='ocrx_word' id='word_1_4' title='bbox 879 111 1057 143; x_wconf 81' lang='lat' dir='ltr'><em>CICERO.</em></span> 
     </span>
    </p>
   </div>
   <div class='ocr_carea' id='block_1_2' title="bbox 91 215 1484 1441">
    <p class='ocr_par' dir='ltr' id='par_1_2' title="bbox 91 215 1484 1441">
     <span class='ocr_line' id='line_1_2' title="bbox 91 215 1411 266; baseline 0 -14"><span class='ocrx_word' id='word_1_5' title='bbox 91 223 215 252; x_wconf 84' lang='lat' dir='ltr'>essent</span> <span class='ocrx_word' id='word_1_6' title='bbox 240 215 367 265; x_wconf 83' lang='lat' dir='ltr'>lingua</span> <span class='ocrx_word' id='word_1_7' title='bbox 398 224 626 266; x_wconf 87' lang='lat' dir='ltr'>nuncupata,</span> <span class='ocrx_word' id='word_1_8' title='bbox 656 230 752 266; x_wconf 78' lang='lat' dir='ltr'>quae</span> <span class='ocrx_word' id='word_1_9' title='bbox 782 217 846 266; x_wconf 88' lang='lat' dir='ltr'>qui</span> <span class='ocrx_word' id='word_1_10' title='bbox 876 217 1052 254; x_wconf 86' lang='lat' dir='ltr'>infitiatus</span> <span class='ocrx_word' id='word_1_11' title='bbox 1084 222 1191 263; x_wconf 85' lang='lat' dir='ltr'>esset,</span> <span class='ocrx_word' id='word_1_12' title='bbox 1221 216 1411 265; x_wconf 82' lang='lat' dir='ltr'><strong>duplicem</strong></span> 
     </span>
     <span class='ocr_line' id='line_1_3' title="bbox 92 282 1448 335; baseline -0.004 -12"><span class='ocrx_word' id='word_1_13' title='bbox 92 296 262 335; x_wconf 85' lang='lat' dir='ltr'>poenam</span> <span class='ocrx_word' id='word_1_14' title='bbox 311 283 462 328; x_wconf 89' lang='lat' dir='ltr'>subiret,</span> <span class='ocrx_word' id='word_1_15' title='bbox 503 295 525 319; x_wconf 93' lang='lat' dir='ltr'>a</span> <span class='ocrx_word' id='word_1_16' title='bbox 562 282 828 320; x_wconf 86' lang='lat' dir='ltr'>iureconsultis</span> <span class='ocrx_word' id='word_1_17' title='bbox 866 282 981 318; x_wconf 89' lang='lat' dir='ltr'>etiam</span> <span class='ocrx_word' id='word_1_18' title='bbox 1023 282 1239 320; x_wconf 80' lang='lat' dir='ltr'>reticentiae</span> <span class='ocrx_word' id='word_1_19' title='bbox 1285 293 1448 331; x_wconf 85' lang='lat' dir='ltr'>poena5</span> 
     </span>
     <span class='ocr_line' id='line_1_4' title="bbox 93 345 1413 396; baseline -0.004 -8"><span class='ocrx_word' id='word_1_20' title='bbox 93 357 150 388; x_wconf 88' lang='lat' dir='ltr'>est</span> <span class='ocrx_word' id='word_1_21' title='bbox 189 349 406 387; x_wconf 85' lang='lat' dir='ltr'>constituta.</span> <span class='ocrx_word' id='word_1_22' title='bbox 465 347 665 396; x_wconf 87' lang='lat' dir='ltr'>Quidquid</span> <span class='ocrx_word' id='word_1_23' title='bbox 704 347 805 384; x_wconf 91' lang='lat' dir='ltr'>enim</span> <span class='ocrx_word' id='word_1_24' title='bbox 845 354 943 384; x_wconf 90' lang='lat' dir='ltr'>esset</span> <span class='ocrx_word' id='word_1_25' title='bbox 981 347 1020 383; x_wconf 89' lang='lat' dir='ltr'>in</span> <span class='ocrx_word' id='word_1_26' title='bbox 1057 347 1214 396; x_wconf 88' lang='lat' dir='ltr'>praedio</span> <span class='ocrx_word' id='word_1_27' title='bbox 1252 347 1341 392; x_wconf 86' lang='lat' dir='ltr'>vitii,</span> <span class='ocrx_word' id='word_1_28' title='bbox 1375 345 1413 382; x_wconf 92' lang='lat' dir='ltr'>id</span> 
     </span>
     <span class='ocr_line' id='line_1_5' title="bbox 96 412 1414 459; baseline -0.004 -6"><span class='ocrx_word' id='word_1_29' title='bbox 96 419 316 459; x_wconf 87' lang='lat' dir='ltr'>statuerunt,</span> <span class='ocrx_word' id='word_1_30' title='bbox 348 414 378 451; x_wconf 92' lang='lat' dir='ltr'>si</span> <span class='ocrx_word' id='word_1_31' title='bbox 407 413 581 450; x_wconf 88' lang='lat' dir='ltr'>venditor</span> <span class='ocrx_word' id='word_1_32' title='bbox 615 412 738 457; x_wconf 83' lang='lat' dir='ltr'>sciret,</span> <span class='ocrx_word' id='word_1_33' title='bbox 768 412 840 449; x_wconf 89' lang='lat' dir='ltr'>nisi</span> <span class='ocrx_word' id='word_1_34' title='bbox 873 412 1100 449; x_wconf 88' lang='lat' dir='ltr'>nominatim</span> <span class='ocrx_word' id='word_1_35' title='bbox 1129 412 1273 449; x_wconf 89' lang='lat' dir='ltr'>dictum</span> <span class='ocrx_word' id='word_1_36' title='bbox 1302 418 1414 456; x_wconf 90' lang='lat' dir='ltr'>esset,</span> 
     </span>
     <span class='ocr_line' id='line_1_6' title="bbox 93 477 1415 530; baseline -0.003 -12"><span class='ocrx_word' id='word_1_37' title='bbox 93 480 277 530; x_wconf 88' lang='lat' dir='ltr'>praestari</span> <span class='ocrx_word' id='word_1_38' title='bbox 312 486 500 528; x_wconf 79' lang='lat' dir='ltr'>oportere.</span> <span class='ocrx_word' id='word_1_39' title='bbox 563 477 616 515; x_wconf 92' lang='lat' dir='ltr'>Ut</span> <span class='ocrx_word' id='word_1_40' title='bbox 654 490 772 526; x_wconf 90' lang='lat' dir='ltr'>quum</span> <span class='ocrx_word' id='word_1_41' title='bbox 811 478 850 514; x_wconf 88' lang='lat' dir='ltr'>in</span> <span class='ocrx_word' id='word_1_42' title='bbox 888 490 973 515; x_wconf 90' lang='lat' dir='ltr'>arce</span> <span class='ocrx_word' id='word_1_43' title='bbox 1012 478 1213 526; x_wconf 82' lang='lat' dir='ltr'>augurium</span> <span class='ocrx_word' id='word_1_44' title='bbox 1253 488 1415 526; x_wconf 80' lang='lat' dir='ltr'>augures</span> 
     </span>
     <span class='ocr_line' id='line_1_7' title="bbox 95 542 1416 592; baseline -0.005 -8"><span class='ocrx_word' id='word_1_45' title='bbox 95 546 214 584; x_wconf 89' lang='lat' dir='ltr'>acturi</span> <span class='ocrx_word' id='word_1_46' title='bbox 245 552 385 589; x_wconf 82' lang='lat' dir='ltr'>essent,</span> <span class='ocrx_word' id='word_1_47' title='bbox 416 544 689 592; x_wconf 83' lang='lat' dir='ltr'>iussissentque</span> <span class='ocrx_word' id='word_1_48' title='bbox 719 542 768 580; x_wconf 94' lang='lat' dir='ltr'>T.</span> <span class='ocrx_word' id='word_1_49' title='bbox 800 542 1002 580; x_wconf 90' lang='lat' dir='ltr'>Claudium</span> <span class='ocrx_word' id='word_1_50' title='bbox 1032 542 1313 588; x_wconf 85' lang='lat' dir='ltr'>Centumalum,</span> <span class='ocrx_word' id='word_1_51' title='bbox 1352 542 1416 590; x_wconf 90' lang='lat' dir='ltr'>qui</span> 
     </span>
     <span class='ocr_line' id='line_1_8' title="bbox 97 607 1476 657; baseline -0.003 -8"><span class='ocrx_word' id='word_1_52' title='bbox 97 612 211 649; x_wconf 87' lang='lat' dir='ltr'>aedes</span> <span class='ocrx_word' id='word_1_53' title='bbox 246 611 284 648; x_wconf 93' lang='lat' dir='ltr'>in</span> <span class='ocrx_word' id='word_1_54' title='bbox 320 609 451 647; x_wconf 88' lang='lat' dir='ltr'>Caelio</span> <span class='ocrx_word' id='word_1_55' title='bbox 485 615 617 645; x_wconf 90' lang='lat' dir='ltr'>monte</span> <span class='ocrx_word' id='word_1_56' title='bbox 651 607 829 653; x_wconf 87' lang='lat' dir='ltr'>habebat,</span> <span class='ocrx_word' id='word_1_57' title='bbox 864 608 1036 645; x_wconf 91' lang='lat' dir='ltr'>demoliri</span> <span class='ocrx_word' id='word_1_58' title='bbox 1070 621 1114 646; x_wconf 89' lang='lat' dir='ltr'>ea</span> <span class='ocrx_word' id='word_1_59' title='bbox 1144 620 1306 657; x_wconf 90' lang='lat' dir='ltr'>quorum</span> <span class='ocrx_word' id='word_1_60' title='bbox 1335 607 1415 644; x_wconf 86' lang='lat' dir='ltr'>alti·</span> <span class='ocrx_word' id='word_1_61' title='bbox 1439 622 1476 645; x_wconf 92' lang='lat'>10</span> 
     </span>
     <span class='ocr_line' id='line_1_9' title="bbox 95 672 1416 723; baseline -0.005 -8"><span class='ocrx_word' id='word_1_62' title='bbox 95 677 188 715; x_wconf 89' lang='lat' dir='ltr'>tudo</span> <span class='ocrx_word' id='word_1_63' title='bbox 220 676 388 714; x_wconf 91' lang='lat' dir='ltr'>officeret</span> <span class='ocrx_word' id='word_1_64' title='bbox 417 673 607 723; x_wconf 83' lang='lat' dir='ltr'>auspiciis,</span> <span class='ocrx_word' id='word_1_65' title='bbox 639 672 822 710; x_wconf 86' lang='lat' dir='ltr'>Claudius</span> <span class='ocrx_word' id='word_1_66' title='bbox 859 673 1084 722; x_wconf 83' lang='lat' dir='ltr'>proscripsit</span> <span class='ocrx_word' id='word_1_67' title='bbox 1117 673 1292 714; x_wconf 83' lang='lat' dir='ltr'>insulam,</span> <span class='ocrx_word' id='word_1_68' title='bbox 1326 684 1416 709; x_wconf 92' lang='lat' dir='ltr'>ven-</span> 
     </span>
     <span class='ocr_line' id='line_1_10' title="bbox 97 737 1418 788; baseline -0.004 -9"><span class='ocrx_word' id='word_1_69' title='bbox 97 742 211 788; x_wconf 86' lang='lat' dir='ltr'>didit;</span> <span class='ocrx_word' id='word_1_70' title='bbox 257 741 347 778; x_wconf 90' lang='lat' dir='ltr'>emit</span> <span class='ocrx_word' id='word_1_71' title='bbox 381 740 421 777; x_wconf 92' lang='lat' dir='ltr'>P.</span> <span class='ocrx_word' id='word_1_72' title='bbox 457 738 688 787; x_wconf 82' lang='lat' dir='ltr'>Calpurnius</span> <span class='ocrx_word' id='word_1_73' title='bbox 723 737 921 775; x_wconf 84' lang='lat' dir='ltr'>Lanarius.</span> <span class='ocrx_word' id='word_1_74' title='bbox 991 737 1094 774; x_wconf 85' lang='lat' dir='ltr'>Huic</span> <span class='ocrx_word' id='word_1_75' title='bbox 1129 739 1176 775; x_wconf 88' lang='lat' dir='ltr'>ab</span> <span class='ocrx_word' id='word_1_76' title='bbox 1211 738 1418 787; x_wconf 80' lang='lat' dir='ltr'>auguribus</span> 
     </span>
     <span class='ocr_line' id='line_1_11' title="bbox 97 802 1418 852; baseline -0.003 -9"><span class='ocrx_word' id='word_1_77' title='bbox 97 807 188 844; x_wconf 89' lang='lat' dir='ltr'>illud</span> <span class='ocrx_word' id='word_1_78' title='bbox 231 806 332 843; x_wconf 90' lang='lat' dir='ltr'>idem</span> <span class='ocrx_word' id='word_1_79' title='bbox 381 804 647 842; x_wconf 88' lang='lat' dir='ltr'>denuntiatum</span> <span class='ocrx_word' id='word_1_80' title='bbox 696 809 764 840; x_wconf 88' lang='lat' dir='ltr'>est.</span> <span class='ocrx_word' id='word_1_81' title='bbox 841 803 976 852; x_wconf 89' lang='lat' dir='ltr'>Itaque</span> <span class='ocrx_word' id='word_1_82' title='bbox 1024 802 1252 851; x_wconf 84' lang='lat' dir='ltr'>Calpurnius</span> <span class='ocrx_word' id='word_1_83' title='bbox 1300 815 1418 852; x_wconf 91' lang='lat' dir='ltr'>quum</span> 
     </span>
     <span class='ocr_line' id='line_1_12' title="bbox 98 867 1419 918; baseline -0.003 -9"><span class='ocrx_word' id='word_1_84' title='bbox 98 871 301 910; x_wconf 90' lang='lat' dir='ltr'>demolitus</span> <span class='ocrx_word' id='word_1_85' title='bbox 336 877 446 914; x_wconf 88' lang='lat' dir='ltr'>esset,</span> <span class='ocrx_word' id='word_1_86' title='bbox 478 874 761 918; x_wconf 84' lang='lat' dir='ltr'>cognossetque</span> <span class='ocrx_word' id='word_1_87' title='bbox 793 867 995 906; x_wconf 89' lang='lat' dir='ltr'>Claudium</span> <span class='ocrx_word' id='word_1_88' title='bbox 1025 868 1139 906; x_wconf 89' lang='lat' dir='ltr'>aedes</span> <span class='ocrx_word' id='word_1_89' title='bbox 1167 875 1302 917; x_wconf 88' lang='lat' dir='ltr'>postea</span> <span class='ocrx_word' id='word_1_90' title='bbox 1330 880 1419 917; x_wconf 86' lang='lat' dir='ltr'>pro-</span> 
     </span>
     <span class='ocr_line' id='line_1_13' title="bbox 99 933 1477 986; baseline -0.003 -12"><span class='ocrx_word' id='word_1_91' title='bbox 99 936 296 986; x_wconf 86' lang='lat' dir='ltr'>scripsisse</span> <span class='ocrx_word' id='word_1_92' title='bbox 338 947 453 985; x_wconf 91' lang='lat' dir='ltr'>quam</span> <span class='ocrx_word' id='word_1_93' title='bbox 494 941 594 972; x_wconf 86' lang='lat' dir='ltr'>esset</span> <span class='ocrx_word' id='word_1_94' title='bbox 628 935 676 971; x_wconf 88' lang='lat' dir='ltr'>ab</span> <span class='ocrx_word' id='word_1_95' title='bbox 709 934 916 981; x_wconf 82' lang='lat' dir='ltr'>auguribus</span> <span class='ocrx_word' id='word_1_96' title='bbox 951 933 1123 971; x_wconf 88' lang='lat' dir='ltr'>demoliri</span> <span class='ocrx_word' id='word_1_97' title='bbox 1156 934 1291 979; x_wconf 90' lang='lat' dir='ltr'>iussus,</span> <span class='ocrx_word' id='word_1_98' title='bbox 1322 933 1419 970; x_wconf 89' lang='lat' dir='ltr'>arbi·</span> <span class='ocrx_word' id='word_1_99' title='bbox 1442 947 1477 979; x_wconf 90' lang='lat'>15</span> 
     </span>
     <span class='ocr_line' id='line_1_14' title="bbox 101 998 1421 1048; baseline -0.003 -9"><span class='ocrx_word' id='word_1_100' title='bbox 101 1010 201 1039; x_wconf 89' lang='lat' dir='ltr'>trum</span> <span class='ocrx_word' id='word_1_101' title='bbox 240 1001 345 1037; x_wconf 89' lang='lat' dir='ltr'>illum</span> <span class='ocrx_word' id='word_1_102' title='bbox 384 1000 522 1048; x_wconf 84' lang='lat' dir='ltr'>adegit,</span> <span class='ocrx_word' id='word_1_103' title='bbox 568 999 774 1048; x_wconf 90' lang='lat' dir='ltr'>‘quidquid</span> <span class='ocrx_word' id='word_1_104' title='bbox 816 999 885 1035; x_wconf 87' lang='lat' dir='ltr'>sibi</span> <span class='ocrx_word' id='word_1_105' title='bbox 926 998 1025 1044; x_wconf 89' lang='lat' dir='ltr'>dare,</span> <span class='ocrx_word' id='word_1_106' title='bbox 1066 998 1189 1035; x_wconf 87' lang='lat' dir='ltr'>facere</span> <span class='ocrx_word' id='word_1_107' title='bbox 1228 1005 1421 1048; x_wconf 88' lang='lat' dir='ltr'>oporteret</span> 
     </span>
     <span class='ocr_line' id='line_1_15' title="bbox 103 1063 1421 1109; baseline -0.003 -5"><span class='ocrx_word' id='word_1_108' title='bbox 103 1080 149 1104; x_wconf 88' lang='lat' dir='ltr'>ex</span> <span class='ocrx_word' id='word_1_109' title='bbox 191 1066 264 1103; x_wconf 87' lang='lat' dir='ltr'>fide</span> <span class='ocrx_word' id='word_1_110' title='bbox 304 1064 431 1102; x_wconf 88' lang='lat' dir='ltr'>bona.&#39;</span> <span class='ocrx_word' id='word_1_111' title='bbox 503 1063 557 1101; x_wconf 85' lang='lat' dir='ltr'>M.</span> <span class='ocrx_word' id='word_1_112' title='bbox 601 1064 697 1102; x_wconf 87' lang='lat' dir='ltr'>Cato</span> <span class='ocrx_word' id='word_1_113' title='bbox 739 1063 966 1101; x_wconf 86' lang='lat' dir='ltr'>sententiam</span> <span class='ocrx_word' id='word_1_114' title='bbox 1008 1064 1112 1109; x_wconf 84' lang='lat' dir='ltr'>dixit,</span> <span class='ocrx_word' id='word_1_115' title='bbox 1153 1063 1264 1101; x_wconf 91' lang='lat' dir='ltr'>huius</span> <span class='ocrx_word' id='word_1_116' title='bbox 1303 1064 1421 1101; x_wconf 88' lang='lat' dir='ltr'>nostri</span> 
     </span>
     <span class='ocr_line' id='line_1_16' title="bbox 103 1129 1423 1181; baseline -0.003 -11"><span class='ocrx_word' id='word_1_117' title='bbox 103 1132 262 1170; x_wconf 88' lang='lat' dir='ltr'>Catonis</span> <span class='ocrx_word' id='word_1_118' title='bbox 303 1137 419 1180; x_wconf 80' lang='lat' dir='ltr'>pater,</span> <span class='ocrx_word' id='word_1_119' title='bbox 455 1129 512 1181; x_wconf 91' lang='lat' dir='ltr'>(ut</span> <span class='ocrx_word' id='word_1_120' title='bbox 550 1129 651 1166; x_wconf 89' lang='lat' dir='ltr'>enirn</span> <span class='ocrx_word' id='word_1_121' title='bbox 687 1129 800 1167; x_wconf 91' lang='lat' dir='ltr'>ceteri</span> <span class='ocrx_word' id='word_1_122' title='bbox 834 1141 881 1166; x_wconf 86' lang='lat' dir='ltr'>ex</span> <span class='ocrx_word' id='word_1_123' title='bbox 916 1129 1098 1178; x_wconf 88' lang='lat' dir='ltr'>patribus,</span> <span class='ocrx_word' id='word_1_124' title='bbox 1134 1130 1199 1175; x_wconf 89' lang='lat' dir='ltr'>sic,</span> <span class='ocrx_word' id='word_1_125' title='bbox 1234 1130 1297 1178; x_wconf 88' lang='lat' dir='ltr'>qui</span> <span class='ocrx_word' id='word_1_126' title='bbox 1331 1129 1423 1167; x_wconf 91' lang='lat' dir='ltr'>illud</span> 
     </span>
     <span class='ocr_line' id='line_1_17' title="bbox 103 1192 1423 1245; baseline -0.002 -11"><span class='ocrx_word' id='word_1_127' title='bbox 103 1197 233 1234; x_wconf 88' lang='lat' dir='ltr'>lumen</span> <span class='ocrx_word' id='word_1_128' title='bbox 269 1195 485 1245; x_wconf 85' lang='lat' dir='ltr'>progenuit,</span> <span class='ocrx_word' id='word_1_129' title='bbox 516 1207 563 1232; x_wconf 89' lang='lat' dir='ltr'>ex</span> <span class='ocrx_word' id='word_1_130' title='bbox 594 1194 670 1232; x_wconf 88' lang='lat' dir='ltr'>filio</span> <span class='ocrx_word' id='word_1_131' title='bbox 705 1201 761 1232; x_wconf 87' lang='lat' dir='ltr'>est</span> <span class='ocrx_word' id='word_1_132' title='bbox 789 1192 1078 1244; x_wconf 82' lang='lat' dir='ltr'>nominandus‚)</span> <span class='ocrx_word' id='word_1_133' title='bbox 1108 1194 1139 1232; x_wconf 89' lang='lat' dir='ltr'>is</span> <span class='ocrx_word' id='word_1_134' title='bbox 1169 1195 1280 1243; x_wconf 85' lang='lat' dir='ltr'>igitur</span> <span class='ocrx_word' id='word_1_135' title='bbox 1309 1195 1423 1232; x_wconf 86' lang='lat' dir='ltr'>iudex</span> 
     </span>
     <span class='ocr_line' id='line_1_18' title="bbox 104 1259 1484 1311; baseline -0.001 -11"><span class='ocrx_word' id='word_1_136' title='bbox 104 1263 155 1300; x_wconf 82' lang='lat' dir='ltr'>ita</span> <span class='ocrx_word' id='word_1_137' title='bbox 192 1260 461 1311; x_wconf 88' lang='lat' dir='ltr'>pronuntiavit,</span> <span class='ocrx_word' id='word_1_138' title='bbox 503 1263 644 1308; x_wconf 90' lang='lat' dir='ltr'>‘quum</span> <span class='ocrx_word' id='word_1_139' title='bbox 678 1259 717 1296; x_wconf 91' lang='lat' dir='ltr'>in</span> <span class='ocrx_word' id='word_1_140' title='bbox 752 1259 1025 1297; x_wconf 87' lang='lat' dir='ltr'>venumdando</span> <span class='ocrx_word' id='word_1_141' title='bbox 1058 1271 1139 1296; x_wconf 92' lang='lat' dir='ltr'>rem</span> <span class='ocrx_word' id='word_1_142' title='bbox 1174 1272 1259 1297; x_wconf 90' lang='lat' dir='ltr'>eam</span> <span class='ocrx_word' id='word_1_143' title='bbox 1293 1260 1425 1297; x_wconf 88' lang='lat' dir='ltr'>scisset</span> <span class='ocrx_word' id='word_1_144' title='bbox 1446 1277 1484 1299; x_wconf 88' lang='lat'>20</span> 
     </span>
     <span class='ocr_line' id='line_1_19' title="bbox 107 1324 1425 1375; baseline -0.002 -10"><span class='ocrx_word' id='word_1_145' title='bbox 107 1335 143 1365; x_wconf 89' lang='lat' dir='ltr'>et</span> <span class='ocrx_word' id='word_1_146' title='bbox 172 1339 252 1364; x_wconf 89' lang='lat' dir='ltr'>non</span> <span class='ocrx_word' id='word_1_147' title='bbox 280 1325 564 1375; x_wconf 85' lang='lat' dir='ltr'>pronuntiasset</span> <span class='ocrx_word' id='word_1_148' title='bbox 593 1325 768 1374; x_wconf 88' lang='lat' dir='ltr'>emptori,</span> <span class='ocrx_word' id='word_1_149' title='bbox 800 1324 984 1361; x_wconf 88' lang='lat' dir='ltr'>damnum</span> <span class='ocrx_word' id='word_1_150' title='bbox 1014 1326 1198 1374; x_wconf 89' lang='lat' dir='ltr'>praestari</span> <span class='ocrx_word' id='word_1_151' title='bbox 1226 1324 1425 1374; x_wconf 89' lang='lat' dir='ltr'>oportere.’</span> 
     </span>
     <span class='ocr_line' id='line_1_20' title="bbox 108 1390 1427 1441; baseline -0.002 -11"><span class='ocrx_word' id='word_1_152' title='bbox 108 1392 214 1441; x_wconf 84' lang='lat' dir='ltr'>Ergo</span> <span class='ocrx_word' id='word_1_153' title='bbox 245 1391 293 1428; x_wconf 92' lang='lat' dir='ltr'>ad</span> <span class='ocrx_word' id='word_1_154' title='bbox 323 1391 439 1428; x_wconf 89' lang='lat' dir='ltr'>fidem</span> <span class='ocrx_word' id='word_1_155' title='bbox 467 1391 610 1427; x_wconf 91' lang='lat' dir='ltr'>bonam</span> <span class='ocrx_word' id='word_1_156' title='bbox 641 1390 769 1427; x_wconf 87' lang='lat' dir='ltr'>statuit</span> <span class='ocrx_word' id='word_1_157' title='bbox 792 1390 980 1439; x_wconf 85' lang='lat' dir='ltr'>pertinere</span> <span class='ocrx_word' id='word_1_158' title='bbox 1004 1397 1139 1428; x_wconf 89' lang='lat' dir='ltr'>notum</span> <span class='ocrx_word' id='word_1_159' title='bbox 1160 1403 1243 1428; x_wconf 89' lang='lat' dir='ltr'>esse</span> <span class='ocrx_word' id='word_1_160' title='bbox 1265 1390 1427 1439; x_wconf 87' lang='lat' dir='ltr'>emptori</span> 
     </span>
    </p>
   </div>
   <div class='ocr_carea' id='block_1_3' title="bbox 108 1454 1429 1567">
    <p class='ocr_par' dir='ltr' id='par_1_3' title="bbox 108 1454 1429 1567">
     <span class='ocr_line' id='line_1_21' title="bbox 108 1454 1428 1506; baseline -0.001 -13"><span class='ocrx_word' id='word_1_161' title='bbox 108 1458 240 1495; x_wconf 82' lang='lat' dir='ltr'>vitium</span> <span class='ocrx_word' id='word_1_162' title='bbox 280 1456 386 1506; x_wconf 89' lang='lat' dir='ltr'>quod</span> <span class='ocrx_word' id='word_1_163' title='bbox 425 1462 557 1492; x_wconf 90' lang='lat' dir='ltr'>nosset</span> <span class='ocrx_word' id='word_1_164' title='bbox 586 1454 769 1492; x_wconf 87' lang='lat' dir='ltr'>venditor.</span> <span class='ocrx_word' id='word_1_165' title='bbox 842 1454 917 1492; x_wconf 88' lang='lat' dir='ltr'>Sed</span> <span class='ocrx_word' id='word_1_166' title='bbox 955 1455 1173 1493; x_wconf 89' lang='lat' dir='ltr'>huiusmodi</span> <span class='ocrx_word' id='word_1_167' title='bbox 1211 1457 1428 1493; x_wconf 88' lang='lat' dir='ltr'>reticentiae</span> 
     </span>
     <span class='ocr_line' id='line_1_22' title="bbox 110 1517 1429 1567; baseline -0.002 -10"><span class='ocrx_word' id='word_1_168' title='bbox 110 1521 189 1557; x_wconf 92' lang='lat' dir='ltr'>iure</span> <span class='ocrx_word' id='word_1_169' title='bbox 224 1519 320 1556; x_wconf 88' lang='lat' dir='ltr'>civili</span> <span class='ocrx_word' id='word_1_170' title='bbox 354 1530 490 1556; x_wconf 90' lang='lat' dir='ltr'>omnes</span> <span class='ocrx_word' id='word_1_171' title='bbox 525 1517 798 1566; x_wconf 86' lang='lat' dir='ltr'>comprehendi</span> <span class='ocrx_word' id='word_1_172' title='bbox 833 1529 911 1554; x_wconf 91' lang='lat' dir='ltr'>non</span> <span class='ocrx_word' id='word_1_173' title='bbox 945 1525 1128 1566; x_wconf 87' lang='lat' dir='ltr'>possunt:</span> <span class='ocrx_word' id='word_1_174' title='bbox 1172 1530 1269 1567; x_wconf 89' lang='lat' dir='ltr'>quae</span> <span class='ocrx_word' id='word_1_175' title='bbox 1302 1524 1429 1555; x_wconf 92' lang='lat' dir='ltr'>autem</span> 
     </span>
    </p>
   </div>
   <div class='ocr_carea' id='block_1_4' title="bbox 110 1581 1491 2219">
    <p class='ocr_par' dir='ltr' id='par_1_4' title="bbox 110 1581 1491 2219">
     <span class='ocr_line' id='line_1_23' title="bbox 110 1581 1486 1634; baseline -0.001 -12"><span class='ocrx_word' id='word_1_176' title='bbox 110 1591 274 1634; x_wconf 88' lang='lat' dir='ltr'>possunt</span> <span class='ocrx_word' id='word_1_177' title='bbox 309 1583 507 1632; x_wconf 84' lang='lat' dir='ltr'>diligenter</span> <span class='ocrx_word' id='word_1_178' title='bbox 542 1588 729 1619; x_wconf 88' lang='lat' dir='ltr'>tenentur.</span> <span class='ocrx_word' id='word_1_179' title='bbox 787 1581 842 1618; x_wconf 84' lang='lat' dir='ltr'>M.</span> <span class='ocrx_word' id='word_1_180' title='bbox 873 1581 1018 1619; x_wconf 83' lang='lat' dir='ltr'>Marius</span> <span class='ocrx_word' id='word_1_181' title='bbox 1055 1582 1310 1629; x_wconf 87' lang='lat' dir='ltr'>Gratidianus,</span> <span class='ocrx_word' id='word_1_182' title='bbox 1340 1595 1428 1632; x_wconf 90' lang='lat' dir='ltr'>pro-</span> <span class='ocrx_word' id='word_1_183' title='bbox 1448 1599 1486 1630; x_wconf 86' lang='lat'>25</span> 
     </span>
     <span class='ocr_line' id='line_1_24' title="bbox 113 1645 1429 1699; baseline -0.001 -12"><span class='ocrx_word' id='word_1_184' title='bbox 113 1651 281 1699; x_wconf 89' lang='lat' dir='ltr'>pinquus</span> <span class='ocrx_word' id='word_1_185' title='bbox 323 1654 464 1694; x_wconf 87' lang='lat' dir='ltr'>noster,</span> <span class='ocrx_word' id='word_1_186' title='bbox 506 1647 550 1685; x_wconf 92' lang='lat' dir='ltr'>C.</span> <span class='ocrx_word' id='word_1_187' title='bbox 592 1646 724 1695; x_wconf 82' lang='lat' dir='ltr'>Sergio</span> <span class='ocrx_word' id='word_1_188' title='bbox 768 1645 909 1684; x_wconf 87' lang='lat' dir='ltr'>Oratae</span> <span class='ocrx_word' id='word_1_189' title='bbox 939 1647 1162 1684; x_wconf 84' lang='lat' dir='ltr'>vendiderat</span> <span class='ocrx_word' id='word_1_190' title='bbox 1200 1648 1314 1685; x_wconf 90' lang='lat' dir='ltr'>aedes</span> <span class='ocrx_word' id='word_1_191' title='bbox 1353 1661 1429 1693; x_wconf 90' lang='lat' dir='ltr'>eas,</span> 
     </span>
     <span class='ocr_line' id='line_1_25' title="bbox 114 1712 1432 1764; baseline -0.002 -12"><span class='ocrx_word' id='word_1_192' title='bbox 114 1727 210 1764; x_wconf 90' lang='lat' dir='ltr'>quas</span> <span class='ocrx_word' id='word_1_193' title='bbox 239 1715 287 1751; x_wconf 88' lang='lat' dir='ltr'>ab</span> <span class='ocrx_word' id='word_1_194' title='bbox 318 1713 458 1750; x_wconf 90' lang='lat' dir='ltr'>eodem</span> <span class='ocrx_word' id='word_1_195' title='bbox 488 1712 569 1761; x_wconf 92' lang='lat' dir='ltr'>ipse</span> <span class='ocrx_word' id='word_1_196' title='bbox 598 1712 730 1761; x_wconf 88' lang='lat' dir='ltr'>paucis</span> <span class='ocrx_word' id='word_1_197' title='bbox 760 1718 847 1748; x_wconf 90' lang='lat' dir='ltr'>ante</span> <span class='ocrx_word' id='word_1_198' title='bbox 877 1712 986 1748; x_wconf 89' lang='lat' dir='ltr'>annis</span> <span class='ocrx_word' id='word_1_199' title='bbox 1019 1719 1175 1750; x_wconf 91' lang='lat' dir='ltr'>emerat.</span> <span class='ocrx_word' id='word_1_200' title='bbox 1245 1713 1325 1750; x_wconf 88' lang='lat' dir='ltr'>Eae</span> <span class='ocrx_word' id='word_1_201' title='bbox 1355 1725 1432 1751; x_wconf 89' lang='lat' dir='ltr'>ser-</span> 
     </span>
     <span class='ocr_line' id='line_1_26' title="bbox 114 1776 1433 1826; baseline -0.001 -10"><span class='ocrx_word' id='word_1_202' title='bbox 114 1781 287 1817; x_wconf 86' lang='lat' dir='ltr'>viebant:</span> <span class='ocrx_word' id='word_1_203' title='bbox 329 1778 395 1816; x_wconf 89' lang='lat' dir='ltr'>sed</span> <span class='ocrx_word' id='word_1_204' title='bbox 429 1777 503 1815; x_wconf 90' lang='lat' dir='ltr'>hoc</span> <span class='ocrx_word' id='word_1_205' title='bbox 537 1777 575 1814; x_wconf 91' lang='lat' dir='ltr'>in</span> <span class='ocrx_word' id='word_1_206' title='bbox 609 1777 803 1826; x_wconf 88' lang='lat' dir='ltr'>mancipio</span> <span class='ocrx_word' id='word_1_207' title='bbox 838 1776 982 1814; x_wconf 85' lang='lat' dir='ltr'>Marius</span> <span class='ocrx_word' id='word_1_208' title='bbox 1017 1789 1096 1814; x_wconf 90' lang='lat' dir='ltr'>non</span> <span class='ocrx_word' id='word_1_209' title='bbox 1129 1778 1282 1815; x_wconf 81' lang='lat' dir='ltr'>dixerat.</span> <span class='ocrx_word' id='word_1_210' title='bbox 1351 1777 1433 1815; x_wconf 87' lang='lat' dir='ltr'>Ad-</span> 
     </span>
     <span class='ocr_line' id='line_1_27' title="bbox 115 1841 1433 1888; baseline -0.002 -6"><span class='ocrx_word' id='word_1_211' title='bbox 115 1845 229 1883; x_wconf 88' lang='lat' dir='ltr'>ducta</span> <span class='ocrx_word' id='word_1_212' title='bbox 264 1856 323 1881; x_wconf 91' lang='lat' dir='ltr'>res</span> <span class='ocrx_word' id='word_1_213' title='bbox 357 1844 395 1880; x_wconf 91' lang='lat' dir='ltr'>in</span> <span class='ocrx_word' id='word_1_214' title='bbox 429 1842 610 1880; x_wconf 89' lang='lat' dir='ltr'>iudicium</span> <span class='ocrx_word' id='word_1_215' title='bbox 645 1849 711 1879; x_wconf 85' lang='lat' dir='ltr'>est.</span> <span class='ocrx_word' id='word_1_216' title='bbox 770 1841 928 1879; x_wconf 84' lang='lat' dir='ltr'>Oratam</span> <span class='ocrx_word' id='word_1_217' title='bbox 963 1841 1134 1888; x_wconf 87' lang='lat' dir='ltr'>Crassus,</span> <span class='ocrx_word' id='word_1_218' title='bbox 1167 1842 1433 1880; x_wconf 90' lang='lat' dir='ltr'>Gratidianum</span> 
     </span>
     <span class='ocr_line' id='line_1_28' title="bbox 117 1906 1491 1957; baseline -0.002 -10"><span class='ocrx_word' id='word_1_219' title='bbox 117 1909 349 1947; x_wconf 82' lang='lat' dir='ltr'>defendebat</span> <span class='ocrx_word' id='word_1_220' title='bbox 391 1908 594 1945; x_wconf 88' lang='lat' dir='ltr'>Antonius.</span> <span class='ocrx_word' id='word_1_221' title='bbox 665 1907 731 1944; x_wconf 88' lang='lat' dir='ltr'>Ius</span> <span class='ocrx_word' id='word_1_222' title='bbox 775 1906 936 1944; x_wconf 90' lang='lat' dir='ltr'>Crassus</span> <span class='ocrx_word' id='word_1_223' title='bbox 977 1909 1149 1957; x_wconf 85' lang='lat' dir='ltr'>urgebat,</span> <span class='ocrx_word' id='word_1_224' title='bbox 1192 1909 1319 1957; x_wconf 91' lang='lat' dir='ltr'>‘quod</span> <span class='ocrx_word' id='word_1_225' title='bbox 1358 1909 1432 1945; x_wconf 83' lang='lat' dir='ltr'>vitii</span> <span class='ocrx_word' id='word_1_226' title='bbox 1449 1922 1491 1952; x_wconf 85' lang='lat'>30</span> 
     </span>
     <span class='ocr_line' id='line_1_29' title="bbox 116 1972 1435 2024; baseline -0.001 -12"><span class='ocrx_word' id='word_1_227' title='bbox 116 1975 291 2012; x_wconf 91' lang='lat' dir='ltr'>venditor</span> <span class='ocrx_word' id='word_1_228' title='bbox 320 1986 401 2012; x_wconf 92' lang='lat' dir='ltr'>non</span> <span class='ocrx_word' id='word_1_229' title='bbox 431 1973 589 2011; x_wconf 76' lang='lat' dir='ltr'>dixisset</span> <span class='ocrx_word' id='word_1_230' title='bbox 619 1973 754 2018; x_wconf 88' lang='lat' dir='ltr'>sciens,</span> <span class='ocrx_word' id='word_1_231' title='bbox 786 1972 823 2010; x_wconf 92' lang='lat' dir='ltr'>id</span> <span class='ocrx_word' id='word_1_232' title='bbox 852 1980 1028 2022; x_wconf 80' lang='lat' dir='ltr'>oportere</span> <span class='ocrx_word' id='word_1_233' title='bbox 1056 1974 1277 2022; x_wconf 84' lang='lat' dir='ltr'>praestari;&#39;</span> <span class='ocrx_word' id='word_1_234' title='bbox 1307 1975 1435 2024; x_wconf 88' lang='lat' dir='ltr'>aequi-</span> 
     </span>
     <span class='ocr_line' id='line_1_30' title="bbox 122 2038 1437 2089; baseline -0.002 -11"><span class='ocrx_word' id='word_1_235' title='bbox 122 2048 237 2078; x_wconf 84' lang='lat' dir='ltr'>tatem</span> <span class='ocrx_word' id='word_1_236' title='bbox 277 2040 481 2084; x_wconf 88' lang='lat' dir='ltr'>Antonius,</span> <span class='ocrx_word' id='word_1_237' title='bbox 522 2038 729 2087; x_wconf 87' lang='lat' dir='ltr'>‘quoniam</span> <span class='ocrx_word' id='word_1_238' title='bbox 764 2038 802 2075; x_wconf 94' lang='lat' dir='ltr'>id</span> <span class='ocrx_word' id='word_1_239' title='bbox 831 2039 960 2075; x_wconf 83' lang='lat' dir='ltr'>vitium</span> <span class='ocrx_word' id='word_1_240' title='bbox 991 2040 1164 2087; x_wconf 83' lang='lat' dir='ltr'>ignotum</span> <span class='ocrx_word' id='word_1_241' title='bbox 1195 2039 1328 2089; x_wconf 85' lang='lat' dir='ltr'>Sergio</span> <span class='ocrx_word' id='word_1_242' title='bbox 1357 2052 1437 2077; x_wconf 89' lang='lat' dir='ltr'>non</span> 
     </span>
     <span class='ocr_line' id='line_1_31' title="bbox 121 2104 1437 2155; baseline -0.001 -12"><span class='ocrx_word' id='word_1_243' title='bbox 121 2107 262 2152; x_wconf 88' lang='lat' dir='ltr'>suisset,</span> <span class='ocrx_word' id='word_1_244' title='bbox 285 2106 348 2155; x_wconf 87' lang='lat' dir='ltr'>qui</span> <span class='ocrx_word' id='word_1_245' title='bbox 377 2105 458 2142; x_wconf 86' lang='lat' dir='ltr'>illas</span> <span class='ocrx_word' id='word_1_246' title='bbox 488 2104 603 2142; x_wconf 87' lang='lat' dir='ltr'>aedes</span> <span class='ocrx_word' id='word_1_247' title='bbox 631 2104 873 2149; x_wconf 87' lang='lat' dir='ltr'>vendidisset,</span> <span class='ocrx_word' id='word_1_248' title='bbox 901 2104 993 2141; x_wconf 85' lang='lat' dir='ltr'>nibil</span> <span class='ocrx_word' id='word_1_249' title='bbox 1022 2104 1137 2142; x_wconf 88' lang='lat' dir='ltr'>fuisse</span> <span class='ocrx_word' id='word_1_250' title='bbox 1165 2117 1322 2143; x_wconf 89' lang='lat' dir='ltr'>necesse</span> <span class='ocrx_word' id='word_1_251' title='bbox 1353 2106 1437 2151; x_wconf 92' lang='lat' dir='ltr'>dici,</span> 
     </span>
     <span class='ocr_line' id='line_1_32' title="bbox 118 2168 1438 2219; baseline -0.001 -11"><span class='ocrx_word' id='word_1_252' title='bbox 118 2184 189 2208; x_wconf 86' lang='lat' dir='ltr'>nec</span> <span class='ocrx_word' id='word_1_253' title='bbox 232 2183 319 2208; x_wconf 90' lang='lat' dir='ltr'>eum</span> <span class='ocrx_word' id='word_1_254' title='bbox 362 2182 446 2208; x_wconf 90' lang='lat' dir='ltr'>esse</span> <span class='ocrx_word' id='word_1_255' title='bbox 491 2170 705 2218; x_wconf 84' lang='lat' dir='ltr'>deceptum,</span> <span class='ocrx_word' id='word_1_256' title='bbox 740 2169 804 2218; x_wconf 90' lang='lat' dir='ltr'>qui</span> <span class='ocrx_word' id='word_1_257' title='bbox 843 2168 881 2205; x_wconf 91' lang='lat' dir='ltr'>id</span> <span class='ocrx_word' id='word_1_258' title='bbox 920 2170 1024 2218; x_wconf 87' lang='lat' dir='ltr'>quod</span> <span class='ocrx_word' id='word_1_259' title='bbox 1063 2177 1206 2207; x_wconf 89' lang='lat' dir='ltr'>emerat</span> <span class='ocrx_word' id='word_1_260' title='bbox 1244 2182 1321 2219; x_wconf 90' lang='lat' dir='ltr'>quo</span> <span class='ocrx_word' id='word_1_261' title='bbox 1359 2171 1438 2208; x_wconf 90' lang='lat' dir='ltr'>iure</span> 
     </span>
    </p>
   </div>
   <div class='ocr_carea' id='block_1_5' title="bbox 120 2232 1495 2352">
    <p class='ocr_par' dir='ltr' id='par_1_5' title="bbox 120 2232 1495 2352">
     <span class='ocr_line' id='line_1_33' title="bbox 122 2232 1495 2285; baseline -0.001 -11"><span class='ocrx_word' id='word_1_262' title='bbox 122 2242 221 2274; x_wconf 88' lang='lat' dir='ltr'>esset</span> <span class='ocrx_word' id='word_1_263' title='bbox 265 2233 430 2273; x_wconf 87' lang='lat' dir='ltr'>teneret.&#39;</span> <span class='ocrx_word' id='word_1_264' title='bbox 502 2234 676 2281; x_wconf 87' lang='lat' dir='ltr'>Quorsus</span> <span class='ocrx_word' id='word_1_265' title='bbox 719 2232 840 2271; x_wconf 83' lang='lat' dir='ltr'>haee?</span> <span class='ocrx_word' id='word_1_266' title='bbox 908 2233 960 2271; x_wconf 90' lang='lat' dir='ltr'>Ut</span> <span class='ocrx_word' id='word_1_267' title='bbox 1002 2234 1094 2272; x_wconf 89' lang='lat' dir='ltr'>illud</span> <span class='ocrx_word' id='word_1_268' title='bbox 1133 2235 1319 2284; x_wconf 84' lang='lat' dir='ltr'>intelligas</span> <span class='ocrx_word' id='word_1_269' title='bbox 1358 2248 1437 2273; x_wconf 93' lang='lat' dir='ltr'>non</span> <span class='ocrx_word' id='word_1_270' title='bbox 1456 2253 1495 2285; x_wconf 82' lang='lat'>35</span> 
     </span>
     <span class='ocr_line' id='line_1_34' title="bbox 120 2299 896 2352; baseline -0.004 -13"><span class='ocrx_word' id='word_1_271' title='bbox 120 2302 306 2352; x_wconf 82' lang='lat' dir='ltr'>placuisse</span> <span class='ocrx_word' id='word_1_272' title='bbox 336 2301 544 2338; x_wconf 83' lang='lat' dir='ltr'>maioribus</span> <span class='ocrx_word' id='word_1_273' title='bbox 574 2299 711 2337; x_wconf 83' lang='lat' dir='ltr'>nostris</span> <span class='ocrx_word' id='word_1_274' title='bbox 742 2305 896 2336; x_wconf 78' lang='lat' dir='ltr'>astutos.</span> 
     </span>
    </p>
   </div>
  </div>
 </body>
</html>
