1629 2553
648 91 674 120 R
682 90 776 120 OMA
786 92 819 120 N
848 90 873 120 A
883 91 1128 123 NECDOTES.
1501 95 1547 136 Π)

680 295 720 328 9.
760 288 884 327 Fa'le'al
909 289 941 327 Α
937 289 1098 339 ffeclz'on.

290 405 333 445 L.
365 405 525 451 Manlio,
555 405 601 442 A.
623 405 680 451 F.‚
709 416 828 454 quum
857 404 1017 443 dictator
1045 405 1188 453 suisset,
1215 406 1270 446 M.
1300 406 1550 457 Pomponius,

229 472 401 510 tribunus
455 471 589 521 plebis,
627 470 730 508 diem
764 470 868 516 dixit,
901 471 1007 521 quod
1026 473 1058 509 is
1079 484 1227 522 qaucos
1274 473 1345 510 sibi
1383 473 1464 510 dies
1503 472 1552 510 ad

230 538 454 575 dictaturam
483 535 694 585 gerendam
724 535 953 575 addidisset:
993 538 1263 576 criminabatur
1292 538 1418 584 etiam,
1446 538 1550 587 quod

229 602 361 640 Titum
409 601 539 647 filium,
578 601 642 650 qui
690 607 828 650 postea
873 608 930 639 est
968 602 1191 652 Torquatus
1240 603 1462 653 appellatus,
1503 604 1552 640 ab

193 685 210 715 5
229 669 447 707 hominibus
467 668 675 716 relegasset
702 674 739 705 et
765 667 839 704 ruri
858 667 1028 707 habitare
1049 669 1233 708 iussisset.
1292 669 1412 716 Quod
1432 681 1551 720 quum

229 734 434 772 audivisset
464 733 691 771 adolescens
722 733 819 770 filius
849 735 1049 783 negotium
1083 734 1253 773 exhiberi
1282 736 1391 785 patri,
1421 748 1551 774 accur-

229 800 321 837 risse
351 798 506 836 Roman
535 805 572 835 et
601 810 689 835 cum
720 799 844 847 prima
869 798 955 837 luce
982 800 1191 850 Pomponii
1221 801 1382 838 domum
1403 801 1552 839 venisse

231 864 374 902 dicitur.
434 861 506 901 Cui
536 874 655 913 quum
685 869 785 900 esset
815 864 1040 912 nuntiatum,
1069 865 1134 916 qui
1164 865 1269 903 illum
1298 866 1434 904 iratum
1463 866 1552 904 alla-

230 938 356 967 turum
390 929 439 966 ad
473 940 514 966 se
547 928 690 978 aliquid
719 936 854 967 contra
881 936 1028 980 patrem
1058 931 1312 977 arbitraretur,
1343 932 1503 970 surrexit
1532 944 1552 969 e

179 994 369 1033 rolectulo
397 994 631 1044 remotisque
661 994 807 1031 arbitris
837 994 883 1032 ad
905 1008 945 1033 se
970 995 1256 1034 adolescentem
1286 997 1393 1035 iussit
1413 997 1548 1035 venire.

231 1062 283 1100 At
312 1060 384 1107 ille,
404 1067 445 1098 ut
474 1061 670 1109 ingressus
701 1067 768 1106 est,
791 1060 991 1099 confestim
1020 1062 1191 1112 gladium
1223 1063 1433 1106 destrinxit,
1455 1064 1553 1101 iura-

232 1127 358 1176 vitque
388 1138 429 1164 se
460 1126 563 1163 illum
595 1126 721 1163 statim
751 1126 1047 1173 interfecturum,
1082 1128 1154 1165 nisi
1189 1128 1451 1167 iusiurandum
1483 1130 1553 1167 sibi

234 1192 412 1237 dedisset,
452 1204 492 1229 se
531 1197 679 1240 patrem
725 1192 884 1229 missum
922 1205 1006 1230 esse
1044 1193 1244 1232 facturum.
1302 1194 1443 1232 Iuravit
1480 1196 1554 1233 hoc

233 1264 389 1296 coactus
436 1264 577 1294 terrore
626 1256 878 1305 Pomponius.
936 1257 1035 1295 Rem
1073 1258 1122 1295 ad
1166 1258 1355 1308 populum
1400 1260 1553 1297 detulit:

180 1339 214 1369 ¹5
234 1323 375 1368 docuit,
415 1334 481 1360 cur
518 1322 587 1359 sibi
626 1333 742 1358 causa
780 1321 958 1360 desistere
997 1335 1155 1361 necesse
1194 1331 1316 1371 esset;
1365 1324 1554 1363 Manlium

234 1388 395 1426 missum
424 1387 523 1425 fecit.
581 1386 753 1424 Tantum
787 1388 1022 1437 temporibus
1056 1388 1128 1426 illis
1158 1389 1422 1428 iusiurandum
1456 1391 1555 1428 vale-

233 1455 309 1491 bat.
365 1454 494 1502 Atque
527 1452 588 1490 hic
623 1451 671 1489 T.
692 1451 860 1490 Manlius
888 1454 919 1490 is
949 1460 1016 1499 est,
1037 1454 1101 1504 qui
1135 1453 1185 1492 ad
1217 1454 1410 1493 Anienem
1445 1455 1554 1498 Galli,

235 1530 349 1569 quem
387 1519 436 1556 ab
474 1529 521 1556 eo
559 1524 791 1567 provocatus
835 1518 1040 1565 occiderat,
1079 1525 1215 1570 torque
1254 1520 1424 1559 detracto
1463 1533 1554 1570 cog-

236 1596 379 1622 nomen
409 1584 577 1621 invenit:
620 1583 726 1620 cuius
761 1584 870 1620 tertio
904 1585 1105 1622 consulatu
1141 1585 1267 1623 Latini
1302 1586 1350 1624 ad
1379 1586 1556 1624 Veserim

178 1663 217 1685 20
235 1649 307 1688 fusi
345 1656 381 1687 et
412 1649 550 1698 fugati:
593 1660 757 1696 magnus
789 1649 843 1685 vir
875 1650 913 1686 in
952 1651 1085 1699 primis
1117 1657 1154 1689 et
1185 1652 1250 1702 qui
1285 1652 1556 1702 perindulgens

235 1717 273 1754 in
294 1722 454 1766 patrem,
475 1715 577 1752 idem
598 1714 734 1751 acerbe
756 1726 908 1753 severus
927 1716 965 1752 in
988 1717 1118 1754 filium.

652 1854 719 1889 lo.
758 1848 901 1888 Fabius
928 1850 1145 1890 Maximus.

289 1954 376 2005 Ego
397 1953 447 2001 Q.
469 1953 696 2002 Maximum,
719 1967 807 1993 eum
832 1956 896 2005 qui
917 1956 1127 1994 Tarentum
1156 1956 1310 2007 recepit,
1332 1957 1557 1997 adolescens

235 2020 287 2058 ita
307 2020 419 2058 dilexi
449 2032 582 2058 senem
603 2027 643 2058 ut
664 2020 878 2072 aequalem.
934 2021 1028 2060 Erat
1051 2022 1154 2060 enim
1176 2022 1215 2060 in
1244 2023 1308 2061 illo
1327 2023 1408 2061 viro
1438 2026 1556 2062 comi-

236 2091 312 2124 tate
333 2085 490 2123 condita
513 2086 689 2134 gravitas,
711 2099 783 2124 nec
810 2094 986 2126 senectus
1007 2099 1136 2125 mores
1162 2094 1393 2127 mutaverat:
1423 2101 1557 2139 quam—

237 2163 353 2201 quam
383 2163 470 2189 eum
501 2151 625 2190 colere
655 2153 764 2202 coepi
792 2165 872 2190 non
902 2154 1111 2191 admodum
1140 2155 1327 2203 grandem
1357 2163 1459 2202 natu,
1490 2157 1558 2194 sed

195 2231 212 2262 5
237 2224 366 2255 tamen
387 2217 464 2254 iarn
493 2224 617 2255 aetate
647 2225 885 2267 provectum.
942 2219 1059 2257 Anno
1089 2220 1192 2256 enim
1213 2227 1301 2270 post
1330 2222 1464 2259 consul
1484 2223 1558 2271 pri-

237 2295 344 2319 mum
384 2283 504 2320 fuerat
542 2295 657 2332 quam
691 2296 765 2333 ego
801 2292 912 2322 natus
947 2297 1055 2331 surn;
1104 2297 1269 2335 cumque
1302 2298 1349 2323 eo
1383 2294 1559 2336 quartum

239 2347 398 2385 consule
438 2347 744 2386 adolescentulus
791 2350 900 2388 miles
938 2351 986 2388 ad
1026 2350 1199 2400 Capuam
1238 2351 1431 2400 profectus
1475 2365 1560 2391 sum
