1629 2533
218 483 650 537 EXTRACTS
707 483 936 535 FROM
999 483 1327 537 CICERO.

584 725 887 764 SECTION
937 726 966 763 Ι.

158 863 542 906 ANECDOTES
577 863 754 906 FROM
789 862 1076 905 GRECIAN
1112 863 1407 906 HISTORY.

519 1077 553 1111 1.
599 1071 674 1110 The
702 1071 852 1110 Nalure
880 1072 929 1122 (ff
951 1070 1042 1109 God.

171 1176 302 1215 Rossss
335 1188 397 1225 me
431 1175 523 1225 quid
557 1182 620 1214 aut
654 1175 765 1225 quale
799 1175 845 1212 sit
874 1175 980 1220 deus,
1011 1181 1167 1212 auctore
1200 1181 1285 1212 utar
1316 1174 1439 1214 Simo-

117 1242 216 1287 nide,
243 1241 291 1278 de
321 1253 399 1291 quo
430 1253 549 1291 quum
579 1239 827 1290 quaesivisset
856 1239 930 1277 hoc
959 1239 1061 1277 idem
1091 1246 1274 1289 tyrannus
1304 1240 1436 1287 Hiero,

119 1306 354 1344 deliberandi
389 1306 461 1343 sibi
495 1317 615 1343 unum
655 1306 756 1343 diem
794 1305 1009 1354 postulavit.
1082 1304 1214 1351 Quum
1251 1305 1354 1344 idem
1390 1320 1437 1344 ex

121 1383 168 1409 eo
197 1371 381 1421 postridie
410 1377 618 1420 quaereret,
639 1370 798 1408 biduum
827 1370 968 1419 petivit.
1026 1369 1158 1416 Quum
1188 1371 1340 1419 saepius
1369 1372 1437 1409 du-

79 1455 97 1486 5
118 1434 275 1486 plicaret
299 1448 501 1473 numerum
528 1435 686 1480 dierum,
706 1435 976 1484 admiransque
1000 1434 1121 1472 Hiero
1144 1436 1350 1484 requireret
1373 1449 1439 1474 cur

119 1502 172 1538 ita
200 1500 340 1538 faceret
352 1514 361 1547 ;
403 1504 411 1520 ‘
427 1499 539 1546 Quia,
562 1500 730 1550 quanto‚'
752 1500 885 1548 inquit,
907 1503 915 1518 ‘
929 1499 1068 1537 diutius
1098 1501 1312 1547 considero,
1333 1508 1438 1539 tanto

123 1565 217 1603 mihi
246 1577 306 1603 res
335 1565 481 1602 videtur
510 1563 732 1602 obscurior.’
792 1564 868 1602 Sed
889 1564 1129 1603 Simonidem
1149 1566 1319 1612 arbitror,
1343 1570 1439 1612 (non

123 1630 227 1668 enim
264 1636 380 1679 poeta
417 1630 541 1667 solum
579 1630 714 1675 suavis,
753 1641 883 1666 verum
922 1630 1035 1667 etiam
1074 1632 1267 1680 ceteroqui
1305 1631 1441 1670 doetus

124 1696 353 1744 sapiensque
383 1695 570 1742 traditur),
600 1695 689 1743 quia
717 1694 836 1732 multa
864 1695 1033 1732 venirent
1062 1695 1101 1732 in
1130 1703 1300 1733 mentem
1329 1704 1442 1734 acuta

71 1777 107 1799 10
127 1767 241 1811 atque
280 1760 439 1806 subtilia,
475 1761 712 1798 dubitantem
751 1760 843 1810 quid
882 1772 1015 1798 eorum
1054 1768 1153 1799 esset
1191 1762 1440 1809 verissimum,

127 1828 348 1877 desperasse
379 1838 535 1864 omnem
563 1826 765 1863 veritatem.

440 1951 479 1985 2.
518 1946 748 1996 Frz'endship
777 1951 838 1983 nol
862 1951 895 1984 lo
924 1946 961 1984 be
989 1946 1131 1997 bought.

179 2047 375 2086 Praeclare
409 2048 569 2096 epistola
602 2048 768 2097 quadam
802 2049 1067 2088 Alexandrum
1101 2052 1219 2090 filium
1248 2053 1445 2104 Philippus

126 2120 284 2152 accusat
304 2113 410 2161 quod
429 2113 628 2161 largitione
648 2114 954 2153 benevolentiam
980 2115 1245 2155 Macedonum
1271 2127 1445 2158 consect-

123 2182 231 2213 etur:
264 2174 400 2220 ‘Quae
420 2181 468 2221 te,
489 2174 655 2221 malum,'
675 2175 807 2225 inquit,
831 2180 839 2195 ‘
852 2177 947 2214 ratio
967 2178 1006 2214 in
1025 2178 1137 2216 istam
1159 2191 1268 2228 spem
1288 2181 1445 2228 induxit,

124 2247 165 2278 ut
188 2252 256 2278 eos
277 2240 343 2277 tibi
365 2239 496 2277 fideles
515 2247 669 2289 putares
689 2240 781 2287 fore,
799 2253 895 2290 quos
915 2244 1079 2291 pecunia
1099 2246 1354 2294 corrupisses?
1384 2248 1446 2285 An

83 2323 101 2354 5
123 2312 166 2343 tu
190 2305 228 2343 id
256 2305 339 2354 agis
364 2311 404 2341 ut
430 2303 669 2348 Macedones
695 2317 775 2343 non
795 2313 831 2343 te
852 2319 980 2356 regem
1002 2320 1125 2357 suum,
1146 2310 1214 2348 sed
1234 2311 1444 2350 ministrum

753 2383 775 2408 B
808 2383 827 2408 2
