<?xml version="1.0" encoding="UTF-8"?>
<!DOCTYPE html PUBLIC "-//W3C//DTD XHTML 1.0 Transitional//EN"
    "http://www.w3.org/TR/xhtml1/DTD/xhtml1-transitional.dtd">
<html xmlns="http://www.w3.org/1999/xhtml" xml:lang="en" lang="en">
 <head>
  <title>
</title>
<meta http-equiv="Content-Type" content="text/html;charset=utf-8" />
  <meta name='ocr-system' content='tesseract 3.04.00' />
  <meta name='ocr-capabilities' content='ocr_page ocr_carea ocr_par ocr_line ocrx_word'/>
</head>
<body>
  <div class='ocr_page' id='page_1' title='image "./extractsfromcice01ciceuoft_0038.png"; bbox 0 0 1629 2553; ppageno 0'>
   <div class='ocr_carea' id='block_1_1' title="bbox 110 111 1080 159">
    <p class='ocr_par' dir='ltr' id='par_1_1' title="bbox 110 111 1080 159">
     <span class='ocr_line' id='line_1_1' title="bbox 110 111 1080 159; baseline -0.003 -15"><span class='ocrx_word' id='word_1_1' title='bbox 110 117 164 159; x_wconf 75' lang='lat'>30</span> <span class='ocrx_word' id='word_1_2' title='bbox 463 111 706 142; x_wconf 87' lang='lat' dir='ltr'>EXTRACTS</span> <span class='ocrx_word' id='word_1_3' title='bbox 736 111 871 142; x_wconf 82' lang='lat' dir='ltr'><em>FROM</em></span> <span class='ocrx_word' id='word_1_4' title='bbox 900 113 1080 143; x_wconf 84' lang='lat' dir='ltr'><em>CICERO.</em></span> 
     </span>
    </p>
   </div>
   <div class='ocr_carea' id='block_1_2' title="bbox 108 205 1484 385">
    <p class='ocr_par' dir='ltr' id='par_1_2' title="bbox 108 205 1484 385">
     <span class='ocr_line' id='line_1_2' title="bbox 108 205 1422 255; baseline 0 -12"><span class='ocrx_word' id='word_1_5' title='bbox 108 213 218 255; x_wconf 83' lang='lat' dir='ltr'>portu</span> <span class='ocrx_word' id='word_1_6' title='bbox 240 205 517 255; x_wconf 81' lang='lat' dir='ltr'>deprehensam</span> <span class='ocrx_word' id='word_1_7' title='bbox 538 206 597 243; x_wconf 91' lang='lat' dir='ltr'>lex</span> <span class='ocrx_word' id='word_1_8' title='bbox 619 206 817 255; x_wconf 88' lang='lat' dir='ltr'>publicarit</span> <span class='ocrx_word' id='word_1_9' title='bbox 837 219 1032 255; x_wconf 88' lang='lat' dir='ltr'>quumque</span> <span class='ocrx_word' id='word_1_10' title='bbox 1053 206 1146 244; x_wconf 87' lang='lat' dir='ltr'>haec</span> <span class='ocrx_word' id='word_1_11' title='bbox 1168 207 1272 244; x_wconf 88' lang='lat' dir='ltr'>navis</span> <span class='ocrx_word' id='word_1_12' title='bbox 1297 207 1422 244; x_wconf 89' lang='lat' dir='ltr'>invitis</span> 
     </span>
     <span class='ocr_line' id='line_1_3' title="bbox 109 271 1484 321; baseline 0.001 -13"><span class='ocrx_word' id='word_1_13' title='bbox 109 271 232 308; x_wconf 85' lang='lat' dir='ltr'>nautis</span> <span class='ocrx_word' id='word_1_14' title='bbox 253 271 287 307; x_wconf 89' lang='lat' dir='ltr'>vi</span> <span class='ocrx_word' id='word_1_15' title='bbox 315 271 548 320; x_wconf 84' lang='lat' dir='ltr'>tempestatis</span> <span class='ocrx_word' id='word_1_16' title='bbox 568 271 606 308; x_wconf 87' lang='lat' dir='ltr'>in</span> <span class='ocrx_word' id='word_1_17' title='bbox 627 277 780 320; x_wconf 89' lang='lat' dir='ltr'>portum</span> <span class='ocrx_word' id='word_1_18' title='bbox 810 271 983 309; x_wconf 89' lang='lat' dir='ltr'>coniecta</span> <span class='ocrx_word' id='word_1_19' title='bbox 1012 271 1070 319; x_wconf 90' lang='lat' dir='ltr'>sit,</span> <span class='ocrx_word' id='word_1_20' title='bbox 1090 277 1315 321; x_wconf 86' lang='lat' dir='ltr'>oporteatne</span> <span class='ocrx_word' id='word_1_21' title='bbox 1336 283 1423 309; x_wconf 88' lang='lat' dir='ltr'>eam</span> <span class='ocrx_word' id='word_1_22' title='bbox 1444 289 1484 320; x_wconf 82' lang='lat'>30</span> 
     </span>
     <span class='ocr_line' id='line_1_4' title="bbox 110 335 304 385; baseline -0.005 -11"><span class='ocrx_word' id='word_1_23' title='bbox 110 335 304 385; x_wconf 85' lang='lat' dir='ltr'>publicari.</span> 
     </span>
    </p>
   </div>
   <div class='ocr_carea' id='block_1_3' title="bbox 485 445 1046 497">
    <p class='ocr_par' dir='ltr' id='par_1_3' title="bbox 485 445 1046 497">
     <span class='ocr_line' id='line_1_5' title="bbox 485 445 1046 497; baseline 0 -13"><span class='ocrx_word' id='word_1_24' title='bbox 485 450 548 486; x_wconf 87' lang='lat'>31.</span> <span class='ocrx_word' id='word_1_25' title='bbox 589 446 622 484; x_wconf 84' lang='lat' dir='ltr'><strong><em>A</em></strong></span> <span class='ocrx_word' id='word_1_26' title='bbox 656 445 821 485; x_wconf 78' lang='lat' dir='ltr'>Socralz&#39;c</span> <span class='ocrx_word' id='word_1_27' title='bbox 849 446 1046 497; x_wconf 73' lang='lat' dir='ltr'>Dz&#39;alogue.</span> 
     </span>
    </p>
   </div>
   <div class='ocr_carea' id='block_1_4' title="bbox 105 546 1484 2421">
    <p class='ocr_par' dir='ltr' id='par_1_4' title="bbox 107 546 1423 715">
     <span class='ocr_line' id='line_1_6' title="bbox 163 546 1423 596; baseline 0.001 -12"><span class='ocrx_word' id='word_1_28' title='bbox 163 546 277 596; x_wconf 88' lang='lat' dir='ltr'>Apud</span> <span class='ocrx_word' id='word_1_29' title='bbox 322 546 557 584; x_wconf 84' lang='lat' dir='ltr'>Socraticum</span> <span class='ocrx_word' id='word_1_30' title='bbox 592 546 824 585; x_wconf 83' lang='lat' dir='ltr'><strong>Aeschinem</strong></span> <span class='ocrx_word' id='word_1_31' title='bbox 864 547 1098 584; x_wconf 80' lang='lat' dir='ltr'>demonstrat</span> <span class='ocrx_word' id='word_1_32' title='bbox 1128 546 1305 585; x_wconf 82' lang='lat' dir='ltr'>Socrates</span> <span class='ocrx_word' id='word_1_33' title='bbox 1335 560 1423 585; x_wconf 89' lang='lat' dir='ltr'>cum</span> 
     </span>
     <span class='ocr_line' id='line_1_7' title="bbox 108 611 1421 662; baseline -0.001 -12"><span class='ocrx_word' id='word_1_34' title='bbox 108 612 379 662; x_wconf 81' lang='lat' dir='ltr'>Xenophontis</span> <span class='ocrx_word' id='word_1_35' title='bbox 417 624 535 649; x_wconf 85' lang='lat' dir='ltr'>uxore</span> <span class='ocrx_word' id='word_1_36' title='bbox 576 619 612 649; x_wconf 88' lang='lat' dir='ltr'>et</span> <span class='ocrx_word' id='word_1_37' title='bbox 655 624 742 650; x_wconf 88' lang='lat' dir='ltr'>cum</span> <span class='ocrx_word' id='word_1_38' title='bbox 785 612 870 661; x_wconf 89' lang='lat' dir='ltr'>ipso</span> <span class='ocrx_word' id='word_1_39' title='bbox 913 611 1173 661; x_wconf 87' lang='lat' dir='ltr'>Xenophonte</span> <span class='ocrx_word' id='word_1_40' title='bbox 1216 612 1421 661; x_wconf 77' lang='lat' dir='ltr'>Aspasiam</span> 
     </span>
     <span class='ocr_line' id='line_1_8' title="bbox 107 678 295 715; baseline 0 -1"><span class='ocrx_word' id='word_1_41' title='bbox 107 678 295 715; x_wconf 80' lang='lat' dir='ltr'>locutam:</span> 
     </span>
    </p>

    <p class='ocr_par' dir='ltr' id='par_1_5' title="bbox 107 741 1462 857">
     <span class='ocr_line' id='line_1_9' title="bbox 163 741 1423 791; baseline 0.002 -12"><span class='ocrx_word' id='word_1_42' title='bbox 163 745 171 761; x_wconf 82' lang='lat'><em>¹</em></span> <span class='ocrx_word' id='word_1_43' title='bbox 190 742 261 780; x_wconf 92' lang='lat' dir='ltr'>Die</span> <span class='ocrx_word' id='word_1_44' title='bbox 283 741 386 787; x_wconf 87' lang='lat' dir='ltr'>mihi,</span> <span class='ocrx_word' id='word_1_45' title='bbox 408 753 564 791; x_wconf 85' lang='lat' dir='ltr'>quaeso,</span> <span class='ocrx_word' id='word_1_46' title='bbox 587 741 858 790; x_wconf 84' lang='lat' dir='ltr'>Xenophontis</span> <span class='ocrx_word' id='word_1_47' title='bbox 879 753 986 787; x_wconf 82' lang='lat' dir='ltr'>uxor,</span> <span class='ocrx_word' id='word_1_48' title='bbox 1009 741 1037 779; x_wconf 92' lang='lat' dir='ltr'>si</span> <span class='ocrx_word' id='word_1_49' title='bbox 1058 741 1179 779; x_wconf 75' lang='lat' dir='ltr'>vicina</span> <span class='ocrx_word' id='word_1_50' title='bbox 1200 748 1263 780; x_wconf 85' lang='lat' dir='ltr'>tua</span> <span class='ocrx_word' id='word_1_51' title='bbox 1289 743 1423 782; x_wconf 88' lang='lat' dir='ltr'>melius</span> 
     </span>
     <span class='ocr_line' id='line_1_10' title="bbox 107 807 1462 857; baseline 0.001 -13"><span class='ocrx_word' id='word_1_52' title='bbox 107 807 244 845; x_wconf 79' lang='lat' dir='ltr'>habeat</span> <span class='ocrx_word' id='word_1_53' title='bbox 265 820 398 845; x_wconf 85' lang='lat' dir='ltr'>aurum</span> <span class='ocrx_word' id='word_1_54' title='bbox 420 819 534 857; x_wconf 79' lang='lat' dir='ltr'>quam</span> <span class='ocrx_word' id='word_1_55' title='bbox 553 814 591 844; x_wconf 88' lang='lat' dir='ltr'>tu</span> <span class='ocrx_word' id='word_1_56' title='bbox 612 807 743 852; x_wconf 88' lang='lat' dir='ltr'>habes,</span> <span class='ocrx_word' id='word_1_57' title='bbox 764 814 890 844; x_wconf 89' lang='lat' dir='ltr'>utrum</span> <span class='ocrx_word' id='word_1_58' title='bbox 911 807 1006 844; x_wconf 89' lang='lat' dir='ltr'>illius</span> <span class='ocrx_word' id='word_1_59' title='bbox 1028 819 1076 843; x_wconf 80' lang='lat' dir='ltr'>an</span> <span class='ocrx_word' id='word_1_60' title='bbox 1098 814 1203 844; x_wconf 88' lang='lat' dir='ltr'>tuum</span> <span class='ocrx_word' id='word_1_61' title='bbox 1225 808 1370 845; x_wconf 48' lang='lat' dir='ltr'>malis?</span> <span class='ocrx_word' id='word_1_62' title='bbox 1446 826 1462 856; x_wconf 84' lang='lat'><strong><em>5</em></strong></span> 
     </span>
    </p>

    <p class='ocr_par' dir='ltr' id='par_1_6' title="bbox 162 873 466 923">
     <span class='ocr_line' id='line_1_11' title="bbox 162 873 466 923; baseline 0 -13"><span class='ocrx_word' id='word_1_63' title='bbox 162 877 170 891; x_wconf 84' lang='lat'><em>⁴</em></span> <span class='ocrx_word' id='word_1_64' title='bbox 186 873 312 919; x_wconf 62' lang='lat' dir='ltr'>Illius:</span> <span class='ocrx_word' id='word_1_65' title='bbox 334 873 466 923; x_wconf 89' lang='lat' dir='ltr'>inquit.</span> 
     </span>
    </p>

    <p class='ocr_par' dir='ltr' id='par_1_7' title="bbox 107 938 1424 1053">
     <span class='ocr_line' id='line_1_12' title="bbox 162 938 1424 988; baseline 0.001 -12"><span class='ocrx_word' id='word_1_66' title='bbox 162 938 292 984; x_wconf 87' lang='lat' dir='ltr'>‘Quid</span> <span class='ocrx_word' id='word_1_67' title='bbox 323 939 352 976; x_wconf 88' lang='lat' dir='ltr'>si</span> <span class='ocrx_word' id='word_1_68' title='bbox 386 945 529 975; x_wconf 87' lang='lat' dir='ltr'>vestem</span> <span class='ocrx_word' id='word_1_69' title='bbox 562 945 598 976; x_wconf 87' lang='lat' dir='ltr'>et</span> <span class='ocrx_word' id='word_1_70' title='bbox 633 944 798 976; x_wconf 87' lang='lat' dir='ltr'>ceterum</span> <span class='ocrx_word' id='word_1_71' title='bbox 837 945 1013 975; x_wconf 82' lang='lat' dir='ltr'>ornatum</span> <span class='ocrx_word' id='word_1_72' title='bbox 1058 938 1278 975; x_wconf 80' lang='lat' dir='ltr'>muliebrem</span> <span class='ocrx_word' id='word_1_73' title='bbox 1319 940 1424 988; x_wconf 89' lang='lat' dir='ltr'>pretii</span> 
     </span>
     <span class='ocr_line' id='line_1_13' title="bbox 107 1003 1306 1053; baseline 0.002 -13"><span class='ocrx_word' id='word_1_74' title='bbox 107 1004 259 1041; x_wconf 87' lang='lat' dir='ltr'>maioris</span> <span class='ocrx_word' id='word_1_75' title='bbox 280 1004 417 1041; x_wconf 74' lang='lat' dir='ltr'>habeat</span> <span class='ocrx_word' id='word_1_76' title='bbox 438 1016 553 1053; x_wconf 80' lang='lat' dir='ltr'>quam</span> <span class='ocrx_word' id='word_1_77' title='bbox 574 1010 614 1041; x_wconf 78' lang='lat' dir='ltr'>tu</span> <span class='ocrx_word' id='word_1_78' title='bbox 633 1003 762 1050; x_wconf 81' lang='lat' dir='ltr'>habes,</span> <span class='ocrx_word' id='word_1_79' title='bbox 784 1010 940 1041; x_wconf 84' lang='lat' dir='ltr'>tuumne</span> <span class='ocrx_word' id='word_1_80' title='bbox 962 1016 1009 1040; x_wconf 87' lang='lat' dir='ltr'>an</span> <span class='ocrx_word' id='word_1_81' title='bbox 1030 1003 1126 1040; x_wconf 84' lang='lat' dir='ltr'>illius</span> <span class='ocrx_word' id='word_1_82' title='bbox 1147 1004 1306 1042; x_wconf 77' lang='lat' dir='ltr'>malis?’</span> 
     </span>
    </p>

    <p class='ocr_par' dir='ltr' id='par_1_8' title="bbox 163 1068 652 1117">
     <span class='ocr_line' id='line_1_14' title="bbox 163 1068 652 1117; baseline 0 -12"><span class='ocrx_word' id='word_1_83' title='bbox 163 1072 171 1087; x_wconf 93' lang='lat'><em>‘</em></span> <span class='ocrx_word' id='word_1_84' title='bbox 185 1068 290 1105; x_wconf 89' lang='lat' dir='ltr'>Illius</span> <span class='ocrx_word' id='word_1_85' title='bbox 311 1068 421 1114; x_wconf 90' lang='lat' dir='ltr'>vero‚’</span> <span class='ocrx_word' id='word_1_86' title='bbox 443 1068 652 1117; x_wconf 87' lang='lat' dir='ltr'>respondit.</span> 
     </span>
    </p>

    <p class='ocr_par' dir='ltr' id='par_1_9' title="bbox 108 1131 1484 1245">
     <span class='ocr_line' id='line_1_15' title="bbox 161 1131 1484 1183; baseline -0.002 -12"><span class='ocrx_word' id='word_1_87' title='bbox 161 1137 169 1152; x_wconf 89' lang='lat'><em>‘</em></span> <span class='ocrx_word' id='word_1_88' title='bbox 186 1132 351 1182; x_wconf 84' lang='lat' dir='ltr'>Agesis,&#39;</span> <span class='ocrx_word' id='word_1_89' title='bbox 372 1134 505 1183; x_wconf 85' lang='lat' dir='ltr'>inquit,</span> <span class='ocrx_word' id='word_1_90' title='bbox 528 1137 536 1152; x_wconf 91' lang='lat'>‘</span> <span class='ocrx_word' id='word_1_91' title='bbox 552 1134 582 1170; x_wconf 89' lang='lat' dir='ltr'>si</span> <span class='ocrx_word' id='word_1_92' title='bbox 602 1133 723 1170; x_wconf 87' lang='lat' dir='ltr'>virum</span> <span class='ocrx_word' id='word_1_93' title='bbox 750 1133 811 1170; x_wconf 90' lang='lat' dir='ltr'>illa</span> <span class='ocrx_word' id='word_1_94' title='bbox 840 1133 1039 1170; x_wconf 87' lang='lat' dir='ltr'>meliorem</span> <span class='ocrx_word' id='word_1_95' title='bbox 1065 1131 1214 1177; x_wconf 81' lang='lat' dir='ltr'>habeat,</span> <span class='ocrx_word' id='word_1_96' title='bbox 1239 1143 1355 1181; x_wconf 85' lang='lat' dir='ltr'>quam</span> <span class='ocrx_word' id='word_1_97' title='bbox 1385 1141 1423 1171; x_wconf 88' lang='lat' dir='ltr'>tu</span> <span class='ocrx_word' id='word_1_98' title='bbox 1447 1148 1484 1170; x_wconf 88' lang='grc' dir='ltr'>ιο</span> 
     </span>
     <span class='ocr_line' id='line_1_16' title="bbox 108 1198 1084 1245; baseline -0.001 -9"><span class='ocrx_word' id='word_1_99' title='bbox 108 1199 239 1245; x_wconf 87' lang='lat' dir='ltr'>habes,</span> <span class='ocrx_word' id='word_1_100' title='bbox 260 1206 435 1236; x_wconf 87' lang='lat' dir='ltr'>utrumne</span> <span class='ocrx_word' id='word_1_101' title='bbox 456 1206 562 1236; x_wconf 88' lang='lat' dir='ltr'>tuum</span> <span class='ocrx_word' id='word_1_102' title='bbox 583 1199 703 1235; x_wconf 84' lang='lat' dir='ltr'>virum</span> <span class='ocrx_word' id='word_1_103' title='bbox 725 1198 845 1244; x_wconf 86' lang='lat' dir='ltr'>malis,</span> <span class='ocrx_word' id='word_1_104' title='bbox 867 1210 916 1234; x_wconf 84' lang='lat' dir='ltr'>an</span> <span class='ocrx_word' id='word_1_105' title='bbox 938 1198 1061 1236; x_wconf 84' lang='lat' dir='ltr'>illius?</span> <span class='ocrx_word' id='word_1_106' title='bbox 1076 1199 1084 1213; x_wconf 88' lang='lat'><em>’</em></span> 
     </span>
    </p>

    <p class='ocr_par' dir='ltr' id='par_1_10' title="bbox 107 1264 1425 1368">
     <span class='ocr_line' id='line_1_17' title="bbox 163 1264 1425 1315; baseline 0.001 -13"><span class='ocrx_word' id='word_1_107' title='bbox 163 1265 238 1303; x_wconf 88' lang='lat' dir='ltr'>Hic</span> <span class='ocrx_word' id='word_1_108' title='bbox 260 1266 394 1303; x_wconf 87' lang='lat' dir='ltr'>mulier</span> <span class='ocrx_word' id='word_1_109' title='bbox 414 1265 570 1302; x_wconf 86' lang='lat' dir='ltr'>erubuit.</span> <span class='ocrx_word' id='word_1_110' title='bbox 614 1264 783 1313; x_wconf 85' lang='lat' dir='ltr'>Aspasia</span> <span class='ocrx_word' id='word_1_111' title='bbox 803 1271 929 1301; x_wconf 80' lang='lat' dir='ltr'>autern</span> <span class='ocrx_word' id='word_1_112' title='bbox 951 1276 1037 1301; x_wconf 87' lang='lat' dir='ltr'>cum</span> <span class='ocrx_word' id='word_1_113' title='bbox 1059 1265 1143 1314; x_wconf 85' lang='lat' dir='ltr'>ipso</span> <span class='ocrx_word' id='word_1_114' title='bbox 1166 1265 1425 1315; x_wconf 85' lang='lat' dir='ltr'>Xenophonte</span> 
     </span>
     <span class='ocr_line' id='line_1_18' title="bbox 107 1331 515 1368; baseline -0.005 0"><span class='ocrx_word' id='word_1_115' title='bbox 107 1343 326 1368; x_wconf 89' lang='lat' dir='ltr'>sermonem</span> <span class='ocrx_word' id='word_1_116' title='bbox 347 1331 515 1368; x_wconf 89' lang='lat' dir='ltr'>instituit.</span> 
     </span>
    </p>

    <p class='ocr_par' dir='ltr' id='par_1_11' title="bbox 106 1394 1480 1563">
     <span class='ocr_line' id='line_1_19' title="bbox 163 1394 1423 1445; baseline 0.002 -13"><span class='ocrx_word' id='word_1_117' title='bbox 163 1403 171 1416; x_wconf 91' lang='lat'>‘</span> <span class='ocrx_word' id='word_1_118' title='bbox 186 1395 367 1442; x_wconf 83' lang='lat' dir='ltr'>Quaeso,&#39;</span> <span class='ocrx_word' id='word_1_119' title='bbox 406 1396 538 1444; x_wconf 84' lang='lat' dir='ltr'>inquit,</span> <span class='ocrx_word' id='word_1_120' title='bbox 580 1394 836 1443; x_wconf 87' lang='lat' dir='ltr'>‘Xenophon,</span> <span class='ocrx_word' id='word_1_121' title='bbox 882 1395 912 1432; x_wconf 92' lang='lat' dir='ltr'>si</span> <span class='ocrx_word' id='word_1_122' title='bbox 960 1395 1102 1433; x_wconf 78' lang='lat' dir='ltr'>vicinus</span> <span class='ocrx_word' id='word_1_123' title='bbox 1147 1403 1234 1434; x_wconf 83' lang='lat' dir='ltr'>tuus</span> <span class='ocrx_word' id='word_1_124' title='bbox 1282 1409 1423 1445; x_wconf 82' lang='lat' dir='ltr'>equum</span> 
     </span>
     <span class='ocr_line' id='line_1_20' title="bbox 107 1460 1480 1510; baseline 0 -12"><span class='ocrx_word' id='word_1_125' title='bbox 107 1461 304 1498; x_wconf 87' lang='lat' dir='ltr'>meliorem</span> <span class='ocrx_word' id='word_1_126' title='bbox 324 1460 466 1498; x_wconf 81' lang='lat' dir='ltr'>habeat</span> <span class='ocrx_word' id='word_1_127' title='bbox 486 1472 601 1510; x_wconf 82' lang='lat' dir='ltr'>quam</span> <span class='ocrx_word' id='word_1_128' title='bbox 626 1467 711 1498; x_wconf 86' lang='lat' dir='ltr'>tuus</span> <span class='ocrx_word' id='word_1_129' title='bbox 737 1466 813 1505; x_wconf 87' lang='lat' dir='ltr'>est;</span> <span class='ocrx_word' id='word_1_130' title='bbox 856 1466 1014 1498; x_wconf 89' lang='lat' dir='ltr'>tuumne</span> <span class='ocrx_word' id='word_1_131' title='bbox 1046 1473 1187 1510; x_wconf 86' lang='lat' dir='ltr'>equum</span> <span class='ocrx_word' id='word_1_132' title='bbox 1222 1461 1342 1506; x_wconf 80' lang='lat' dir='ltr'>malis,</span> <span class='ocrx_word' id='word_1_133' title='bbox 1375 1473 1423 1498; x_wconf 81' lang='lat' dir='ltr'>an</span> <span class='ocrx_word' id='word_1_134' title='bbox 1446 1476 1480 1507; x_wconf 83' lang='lat'>¹5</span> 
     </span>
     <span class='ocr_line' id='line_1_21' title="bbox 106 1526 253 1563; baseline -0.007 0"><span class='ocrx_word' id='word_1_135' title='bbox 106 1526 229 1563; x_wconf 83' lang='lat' dir='ltr'>illius?</span> <span class='ocrx_word' id='word_1_136' title='bbox 245 1526 253 1540; x_wconf 89' lang='lat'><em>’</em></span> 
     </span>
    </p>

    <p class='ocr_par' dir='ltr' id='par_1_12' title="bbox 164 1591 460 1641">
     <span class='ocr_line' id='line_1_22' title="bbox 164 1591 460 1641; baseline -0.003 -13"><span class='ocrx_word' id='word_1_137' title='bbox 164 1591 308 1637; x_wconf 86' lang='lat' dir='ltr'>‘Illius,&#39;</span> <span class='ocrx_word' id='word_1_138' title='bbox 330 1592 460 1641; x_wconf 83' lang='lat' dir='ltr'>inquit.</span> 
     </span>
    </p>

    <p class='ocr_par' dir='ltr' id='par_1_13' title="bbox 105 1655 1423 1760">
     <span class='ocr_line' id='line_1_23' title="bbox 161 1655 1423 1706; baseline 0 -13"><span class='ocrx_word' id='word_1_139' title='bbox 161 1656 288 1703; x_wconf 83' lang='lat' dir='ltr'>‘Quid</span> <span class='ocrx_word' id='word_1_140' title='bbox 309 1657 339 1695; x_wconf 92' lang='lat' dir='ltr'>si</span> <span class='ocrx_word' id='word_1_141' title='bbox 360 1656 521 1694; x_wconf 86' lang='lat' dir='ltr'>fundum</span> <span class='ocrx_word' id='word_1_142' title='bbox 542 1656 738 1694; x_wconf 88' lang='lat' dir='ltr'>meliorem</span> <span class='ocrx_word' id='word_1_143' title='bbox 764 1655 902 1694; x_wconf 86' lang='lat' dir='ltr'>habeat</span> <span class='ocrx_word' id='word_1_144' title='bbox 931 1668 1046 1706; x_wconf 83' lang='lat' dir='ltr'>quam</span> <span class='ocrx_word' id='word_1_145' title='bbox 1073 1662 1112 1694; x_wconf 90' lang='lat' dir='ltr'>tu</span> <span class='ocrx_word' id='word_1_146' title='bbox 1139 1655 1268 1699; x_wconf 81' lang='lat' dir='ltr'>habes,</span> <span class='ocrx_word' id='word_1_147' title='bbox 1297 1662 1423 1693; x_wconf 86' lang='lat' dir='ltr'>utrum</span> 
     </span>
     <span class='ocr_line' id='line_1_24' title="bbox 105 1721 785 1760; baseline -0.001 -1"><span class='ocrx_word' id='word_1_148' title='bbox 105 1722 260 1760; x_wconf 86' lang='lat' dir='ltr'>tandem</span> <span class='ocrx_word' id='word_1_149' title='bbox 282 1722 443 1759; x_wconf 84' lang='lat' dir='ltr'>fundum</span> <span class='ocrx_word' id='word_1_150' title='bbox 464 1721 603 1759; x_wconf 78' lang='lat' dir='ltr'>habere</span> <span class='ocrx_word' id='word_1_151' title='bbox 625 1722 733 1759; x_wconf 78' lang='lat' dir='ltr'>malis</span> <span class='ocrx_word' id='word_1_152' title='bbox 750 1722 785 1759; x_wconf 86' lang='lat'>?&#39;</span> 
     </span>
    </p>

    <p class='ocr_par' dir='ltr' id='par_1_14' title="bbox 162 1785 1483 1836">
     <span class='ocr_line' id='line_1_25' title="bbox 162 1785 1483 1836; baseline 0.002 -12"><span class='ocrx_word' id='word_1_153' title='bbox 162 1794 168 1805; x_wconf 77' lang='lat'><strong>¹</strong></span> <span class='ocrx_word' id='word_1_154' title='bbox 188 1786 323 1833; x_wconf 90' lang='lat' dir='ltr'>Illum‚’</span> <span class='ocrx_word' id='word_1_155' title='bbox 344 1787 478 1836; x_wconf 86' lang='lat' dir='ltr'>inquit,</span> <span class='ocrx_word' id='word_1_156' title='bbox 500 1790 510 1806; x_wconf 87' lang='lat'>‘</span> <span class='ocrx_word' id='word_1_157' title='bbox 525 1787 720 1824; x_wconf 86' lang='lat' dir='ltr'>meliorem</span> <span class='ocrx_word' id='word_1_158' title='bbox 743 1785 908 1825; x_wconf 86' lang='lat' dir='ltr'>seilicet.&#39;</span> <span class='ocrx_word' id='word_1_159' title='bbox 1443 1804 1483 1826; x_wconf 79' lang='lat'>20</span> 
     </span>
    </p>

    <p class='ocr_par' dir='ltr' id='par_1_15' title="bbox 107 1851 1423 1956">
     <span class='ocr_line' id='line_1_26' title="bbox 161 1851 1423 1901; baseline -0.002 -11"><span class='ocrx_word' id='word_1_160' title='bbox 161 1857 168 1871; x_wconf 93' lang='lat'><em>‘</em></span> <span class='ocrx_word' id='word_1_161' title='bbox 187 1852 292 1900; x_wconf 85' lang='lat' dir='ltr'>Quid</span> <span class='ocrx_word' id='word_1_162' title='bbox 313 1852 343 1890; x_wconf 92' lang='lat' dir='ltr'>si</span> <span class='ocrx_word' id='word_1_163' title='bbox 364 1864 526 1890; x_wconf 86' lang='lat' dir='ltr'>uxorem</span> <span class='ocrx_word' id='word_1_164' title='bbox 545 1852 742 1890; x_wconf 86' lang='lat' dir='ltr'>meliorem</span> <span class='ocrx_word' id='word_1_165' title='bbox 763 1851 911 1897; x_wconf 86' lang='lat' dir='ltr'>habeat,</span> <span class='ocrx_word' id='word_1_166' title='bbox 934 1863 1049 1901; x_wconf 75' lang='lat' dir='ltr'>quam</span> <span class='ocrx_word' id='word_1_167' title='bbox 1080 1858 1118 1888; x_wconf 87' lang='lat' dir='ltr'>tu</span> <span class='ocrx_word' id='word_1_168' title='bbox 1148 1851 1276 1897; x_wconf 84' lang='lat' dir='ltr'>habes,</span> <span class='ocrx_word' id='word_1_169' title='bbox 1301 1857 1423 1889; x_wconf 79' lang='lat' dir='ltr'>utram</span> 
     </span>
     <span class='ocr_line' id='line_1_27' title="bbox 107 1918 265 1956; baseline -0.006 0"><span class='ocrx_word' id='word_1_170' title='bbox 107 1919 241 1956; x_wconf 85' lang='lat' dir='ltr'>malis?</span> <span class='ocrx_word' id='word_1_171' title='bbox 257 1918 265 1933; x_wconf 85' lang='lat'><em>&#39;</em></span> 
     </span>
    </p>

    <p class='ocr_par' dir='ltr' id='par_1_16' title="bbox 160 1983 1368 2036">
     <span class='ocr_line' id='line_1_28' title="bbox 160 1983 1368 2036; baseline -0.002 -13"><span class='ocrx_word' id='word_1_172' title='bbox 160 1986 287 2036; x_wconf 87' lang='lat' dir='ltr'>Atque</span> <span class='ocrx_word' id='word_1_173' title='bbox 308 1985 369 2023; x_wconf 89' lang='lat' dir='ltr'>hic</span> <span class='ocrx_word' id='word_1_174' title='bbox 389 1985 611 2034; x_wconf 88' lang='lat' dir='ltr'>Xenophon</span> <span class='ocrx_word' id='word_1_175' title='bbox 632 1996 786 2033; x_wconf 86' lang='lat' dir='ltr'>quoque</span> <span class='ocrx_word' id='word_1_176' title='bbox 807 1984 887 2032; x_wconf 87' lang='lat' dir='ltr'>ipse</span> <span class='ocrx_word' id='word_1_177' title='bbox 909 1984 1033 2021; x_wconf 85' lang='lat' dir='ltr'>tacuit.</span> <span class='ocrx_word' id='word_1_178' title='bbox 1074 1983 1165 2021; x_wconf 89' lang='lat' dir='ltr'>Post</span> <span class='ocrx_word' id='word_1_179' title='bbox 1185 1983 1368 2033; x_wconf 85' lang='lat' dir='ltr'>Aspasia:</span> 
     </span>
    </p>

    <p class='ocr_par' dir='ltr' id='par_1_17' title="bbox 106 2045 1480 2421">
     <span class='ocr_line' id='line_1_29' title="bbox 162 2045 1422 2097; baseline -0.003 -11"><span class='ocrx_word' id='word_1_180' title='bbox 162 2052 170 2068; x_wconf 92' lang='lat'>‘</span> <span class='ocrx_word' id='word_1_181' title='bbox 188 2048 383 2095; x_wconf 81' lang='lat' dir='ltr'>Quoniam</span> <span class='ocrx_word' id='word_1_182' title='bbox 411 2054 569 2097; x_wconf 89' lang='lat' dir='ltr'>uterque</span> <span class='ocrx_word' id='word_1_183' title='bbox 596 2046 786 2092; x_wconf 85' lang='lat' dir='ltr'>vestrum,&#39;</span> <span class='ocrx_word' id='word_1_184' title='bbox 814 2046 944 2095; x_wconf 87' lang='lat' dir='ltr'>inquit,</span> <span class='ocrx_word' id='word_1_185' title='bbox 975 2045 1037 2083; x_wconf 91' lang='lat' dir='ltr'>‘id</span> <span class='ocrx_word' id='word_1_186' title='bbox 1066 2045 1157 2082; x_wconf 90' lang='lat' dir='ltr'>mihi</span> <span class='ocrx_word' id='word_1_187' title='bbox 1192 2046 1314 2083; x_wconf 89' lang='lat' dir='ltr'>solum</span> <span class='ocrx_word' id='word_1_188' title='bbox 1344 2057 1422 2083; x_wconf 91' lang='lat' dir='ltr'>non</span> 
     </span>
     <span class='ocr_line' id='line_1_30' title="bbox 106 2111 1480 2164; baseline -0.002 -11"><span class='ocrx_word' id='word_1_189' title='bbox 106 2114 317 2164; x_wconf 78' lang='lat' dir='ltr'>respondit,</span> <span class='ocrx_word' id='word_1_190' title='bbox 339 2113 443 2163; x_wconf 86' lang='lat' dir='ltr'>quod</span> <span class='ocrx_word' id='word_1_191' title='bbox 465 2125 538 2161; x_wconf 84' lang='lat' dir='ltr'>ego</span> <span class='ocrx_word' id='word_1_192' title='bbox 567 2112 690 2150; x_wconf 88' lang='lat' dir='ltr'>solum</span> <span class='ocrx_word' id='word_1_193' title='bbox 718 2112 847 2150; x_wconf 81' lang='lat' dir='ltr'>audire</span> <span class='ocrx_word' id='word_1_194' title='bbox 874 2111 1078 2157; x_wconf 84' lang='lat' dir='ltr'>volueram,</span> <span class='ocrx_word' id='word_1_195' title='bbox 1104 2117 1257 2159; x_wconf 83' lang='lat' dir='ltr'>egomet</span> <span class='ocrx_word' id='word_1_196' title='bbox 1287 2111 1421 2156; x_wconf 87' lang='lat' dir='ltr'>dicam,</span> <span class='ocrx_word' id='word_1_197' title='bbox 1445 2128 1480 2159; x_wconf 85' lang='lat'>25</span> 
     </span>
     <span class='ocr_line' id='line_1_31' title="bbox 106 2176 1422 2230; baseline -0.005 -12"><span class='ocrx_word' id='word_1_198' title='bbox 106 2181 198 2230; x_wconf 79' lang='lat' dir='ltr'>quid</span> <span class='ocrx_word' id='word_1_199' title='bbox 227 2186 384 2228; x_wconf 85' lang='lat' dir='ltr'>uterque</span> <span class='ocrx_word' id='word_1_200' title='bbox 415 2180 565 2227; x_wconf 79' lang='lat' dir='ltr'>cogitet.</span> <span class='ocrx_word' id='word_1_201' title='bbox 635 2177 737 2214; x_wconf 81' lang='lat' dir='ltr'>Nam</span> <span class='ocrx_word' id='word_1_202' title='bbox 776 2184 812 2214; x_wconf 93' lang='lat' dir='ltr'>et</span> <span class='ocrx_word' id='word_1_203' title='bbox 846 2183 884 2214; x_wconf 87' lang='lat' dir='ltr'>tu</span> <span class='ocrx_word' id='word_1_204' title='bbox 918 2176 1051 2213; x_wconf 78' lang='lat' dir='ltr'>muiier</span> <span class='ocrx_word' id='word_1_205' title='bbox 1083 2177 1272 2225; x_wconf 87' lang='lat' dir='ltr'>optimum</span> <span class='ocrx_word' id='word_1_206' title='bbox 1304 2176 1422 2213; x_wconf 84' lang='lat' dir='ltr'>virum</span> 
     </span>
     <span class='ocr_line' id='line_1_32' title="bbox 107 2240 1423 2290; baseline -0.002 -12"><span class='ocrx_word' id='word_1_207' title='bbox 107 2245 160 2280; x_wconf 75' lang='lat' dir='ltr'>vis</span> <span class='ocrx_word' id='word_1_208' title='bbox 195 2243 345 2287; x_wconf 83' lang='lat' dir='ltr'>habere,</span> <span class='ocrx_word' id='word_1_209' title='bbox 378 2248 414 2278; x_wconf 89' lang='lat' dir='ltr'>et</span> <span class='ocrx_word' id='word_1_210' title='bbox 448 2248 487 2278; x_wconf 91' lang='lat' dir='ltr'>tu</span> <span class='ocrx_word' id='word_1_211' title='bbox 519 2240 742 2290; x_wconf 86' lang='lat' dir='ltr'>Xenophon</span> <span class='ocrx_word' id='word_1_212' title='bbox 791 2252 953 2277; x_wconf 86' lang='lat' dir='ltr'>uxorem</span> <span class='ocrx_word' id='word_1_213' title='bbox 998 2240 1135 2277; x_wconf 79' lang='lat' dir='ltr'>habere</span> <span class='ocrx_word' id='word_1_214' title='bbox 1180 2240 1423 2278; x_wconf 83' lang='lat' dir='ltr'>lectissimam</span> 
     </span>
     <span class='ocr_line' id='line_1_33' title="bbox 107 2305 1424 2355; baseline -0.003 -10"><span class='ocrx_word' id='word_1_215' title='bbox 107 2308 272 2346; x_wconf 83' lang='lat' dir='ltr'>maxime</span> <span class='ocrx_word' id='word_1_216' title='bbox 315 2307 381 2344; x_wconf 78' lang='lat' dir='ltr'>vis.</span> <span class='ocrx_word' id='word_1_217' title='bbox 467 2306 610 2352; x_wconf 82' lang='lat' dir='ltr'>Quare,</span> <span class='ocrx_word' id='word_1_218' title='bbox 641 2306 712 2344; x_wconf 89' lang='lat' dir='ltr'>nisi</span> <span class='ocrx_word' id='word_1_219' title='bbox 744 2305 817 2344; x_wconf 76' lang='lat' dir='ltr'>lioe</span> <span class='ocrx_word' id='word_1_220' title='bbox 848 2305 1090 2355; x_wconf 83' lang='lat' dir='ltr'>perfeceritis,</span> <span class='ocrx_word' id='word_1_221' title='bbox 1130 2312 1169 2342; x_wconf 93' lang='lat' dir='ltr'>ut</span> <span class='ocrx_word' id='word_1_222' title='bbox 1209 2317 1332 2354; x_wconf 85' lang='lat' dir='ltr'>neque</span> <span class='ocrx_word' id='word_1_223' title='bbox 1370 2305 1424 2341; x_wconf 82' lang='lat' dir='ltr'>vir</span> 
     </span>
     <span class='ocr_line' id='line_1_34' title="bbox 107 2370 1423 2421; baseline -0.003 -11"><span class='ocrx_word' id='word_1_224' title='bbox 107 2374 250 2416; x_wconf 84' lang='lat' dir='ltr'>mehor,</span> <span class='ocrx_word' id='word_1_225' title='bbox 274 2384 395 2421; x_wconf 73' lang='lat' dir='ltr'>neque</span> <span class='ocrx_word' id='word_1_226' title='bbox 419 2371 560 2409; x_wconf 83' lang='lat' dir='ltr'>semina</span> <span class='ocrx_word' id='word_1_227' title='bbox 580 2371 710 2408; x_wconf 86' lang='lat' dir='ltr'>lectior</span> <span class='ocrx_word' id='word_1_228' title='bbox 732 2371 768 2407; x_wconf 87' lang='lat' dir='ltr'>in</span> <span class='ocrx_word' id='word_1_229' title='bbox 791 2371 896 2408; x_wconf 82' lang='lat' dir='ltr'>terris</span> <span class='ocrx_word' id='word_1_230' title='bbox 918 2371 973 2412; x_wconf 81' lang='lat' dir='ltr'>sit,</span> <span class='ocrx_word' id='word_1_231' title='bbox 995 2370 1168 2420; x_wconf 78' lang='lat' dir='ltr'>profecto</span> <span class='ocrx_word' id='word_1_232' title='bbox 1198 2370 1234 2407; x_wconf 85' lang='lat' dir='ltr'>id</span> <span class='ocrx_word' id='word_1_233' title='bbox 1262 2383 1423 2420; x_wconf 80' lang='lat' dir='ltr'>semper,</span> 
     </span>
    </p>
   </div>
   <div class='ocr_carea' id='block_1_5' title="bbox 1588 0 1629 2398">
    <p class='ocr_par' dir='ltr' id='par_1_18' title="bbox 1588 0 1629 2398">
     <span class='ocr_line' id='line_1_35' title="bbox 1588 0 1629 2398; baseline 0 0"><span class='ocrx_word' id='word_1_234' title='bbox 1588 0 1629 2398; x_wconf 95' lang='lat' dir='ltr'> </span> 
     </span>
    </p>
   </div>
  </div>
 </body>
</html>
