1629 2553
589 100 746 131 GREEK
777 99 1062 131 ANECDOTES.
1428 99 1477 142 27

167 195 273 247 quod
296 207 437 233 caenae
459 201 573 244 caput
594 201 682 240 erat,
711 193 953 232 delectatum.
1011 192 1115 230 Tum
1140 192 1182 239 is,
1210 193 1274 242 qui
1304 192 1363 230 illa
1391 204 1481 230 cox-

167 269 266 300 erat:
299 264 306 279 ‘
326 259 486 297 Minime
507 260 656 305 mirum,
678 259 923 297 condimenta
943 258 1044 295 enim
1065 258 1287 296 defuerunt!
1347 260 1355 276 ‘
1373 256 1482 303 Quae

167 325 370 364 tandem?’
412 325 533 374 inquit
566 324 637 362 ille.
697 324 848 361 ‘Labor
880 324 918 360 in
950 330 1097 368 venatu,
1127 323 1254 368 sudor,
1276 334 1407 360 cursus
1434 322 1483 358 ad

111 410 120 432 ι
130 410 145 440 5
166 393 362 437 Eurotam,
401 390 531 436 fames,
572 391 676 428 sitis:
725 389 783 427 his
812 390 914 427 enim
943 391 1055 427 rebus
1086 389 1483 427 Lacedaemoniorum

167 457 302 507 epulae
336 455 591 494 condiuntur!
648 455 775 504 Atque
815 455 889 492 hoc
929 467 1008 492 non
1050 467 1096 492 ex
1136 455 1337 492 hominum
1376 465 1483 491 more

168 523 303 566 solum,
334 521 403 560 sed
433 521 546 559 etiam
577 533 624 558 ex
658 521 787 558 bestiis
817 520 973 569 intelligi
1007 526 1144 569 potest,
1166 531 1275 569 quae,
1305 526 1346 556 ut
1375 519 1483 568 quid-

167 588 259 638 quid
288 588 479 624 obiectum
509 593 576 632 est,
607 586 713 635 quod
741 585 860 623 modo
889 598 912 622 a
940 592 1075 622 natura
1103 597 1184 622 non
1222 585 1269 622 sit
1306 585 1483 630 alienum,

167 667 214 692 eo
250 659 452 691 contentae
483 663 563 689 non
595 658 782 701 quaerunt
822 651 995 700 amplius.
1073 649 1254 688 Civitates
1293 650 1483 700 quaedam

109 737 148 760 20
167 721 376 764 universae,
420 728 527 754 more
575 717 723 763 doctae,
771 716 1006 766 parsimonia
1053 716 1299 762 delectantur,
1348 721 1388 752 ut
1436 715 1484 752 de

166 783 485 822 Lacedaemoniis
515 782 643 832 paullo
681 788 769 820 ante
807 781 981 819 diximus.
1056 780 1259 818 Persarum
1296 793 1318 818 a
1353 780 1483 818 Xeno-

166 850 309 900 phonte
338 849 458 886 victus
488 848 715 898 exponitur;
764 859 863 896 quos
895 853 1010 896 negat
1051 846 1100 884 ad
1133 858 1276 895 panem
1304 846 1484 884 adhibere

166 915 387 965 quidquam,
427 920 574 963 praeter
612 913 850 951 nasturtium.
928 911 1177 961 Quamquam
1224 913 1255 949 si
1294 912 1485 961 quaedam

166 981 280 1018 etiarn
329 980 504 1018 suaviora
550 984 685 1016 natura
732 977 932 1023 desideret,
977 990 1093 1028 quam
1141 979 1260 1015 muita
1301 990 1348 1015 ex
1388 985 1485 1016 terra

65 1074 71 1077 -
109 1066 146 1097 ²5
166 1046 440 1095 arboribusque
471 1045 690 1094 gignuntur,
720 1055 839 1093 quum
869 1043 981 1092 copia
1021 1042 1131 1089 facili,
1177 1050 1258 1080 turn
1302 1044 1485 1081 suavitate

167 1111 416 1161 praestantia!
475 1110 589 1148 Adde
621 1109 829 1147 siccitatem
860 1120 958 1159 quae
988 1108 1234 1157 consequitur
1263 1108 1362 1147 hanc
1394 1121 1485 1147 con-

164 1177 363 1215 tinentiam
393 1176 431 1213 in
467 1175 578 1221 victu,
617 1174 716 1212 adde
755 1174 1008 1223 integritatem
1046 1174 1280 1213 valetudinis.
1338 1174 1482 1213 Confer

166 1242 358 1287 sudantes,
379 1246 582 1285 ructantes,
604 1239 762 1277 refertos
791 1239 924 1288 epulis,
946 1246 1144 1288 tamquam
1168 1240 1321 1290 opimos
1345 1241 1485 1279 boves:

165 1314 244 1344 tum
260 1306 457 1355 intelliges,
473 1305 539 1355 qui
557 1304 791 1354 voluptatem
811 1304 978 1341 maxime
1000 1311 1218 1352 sequantur,
1235 1316 1303 1342 eos
1324 1305 1485 1344 minime

106 1390 147 1421 30
166 1372 372 1420 consequi;
407 1371 754 1419 iucunditatemque
784 1369 903 1407 victus
932 1381 1016 1407 esse
1045 1369 1085 1406 in
1114 1370 1314 1416 desiderio,
1345 1374 1484 1410 nonin

165 1438 344 1476 satietate.
420 1436 682 1482 Timotheum,
713 1435 858 1473 clarum
886 1434 1083 1472 hominem
1112 1434 1274 1474 Athenis
1307 1443 1344 1474 et
1382 1438 1486 1487 prin-

169 1504 294 1552 cipem
324 1503 487 1540 civitatis
526 1501 662 1547 ferunt,
707 1513 825 1550 quum
867 1500 1103 1538 caenavisset
1139 1501 1243 1550 apud
1281 1502 1482 1541 Platonem

167 1581 291 1618 eoque
321 1568 494 1606 convivio
525 1567 734 1605 admodum
764 1567 970 1604 delectatus
1000 1572 1110 1611 esset,
1140 1566 1371 1617 vidissetque
1401 1581 1488 1606 eum

168 1633 362 1684 postridie,
393 1633 557 1671 dixisse:
616 1632 797 1670 ‘Vestrae
826 1632 983 1681 quidem
1012 1644 1155 1669 caenae
1186 1644 1266 1670 non
1295 1634 1420 1671 solum
1450 1635 1489 1672 in

109 1718 148 1750 35
169 1699 393 1749 praesentia,
424 1699 492 1736 sed
526 1699 640 1735 etiarn
684 1705 839 1747 postero
879 1697 939 1734 die
976 1697 1166 1735 iucundae
1205 1699 1316 1736 sunt!
1372 1699 1488 1746 Quid,

170 1765 276 1814 quod
305 1776 353 1801 ne
382 1770 510 1801 mente
540 1764 697 1812 quidem
727 1770 828 1800 recte
862 1763 914 1800 uti
947 1774 1165 1812 possumus,
1195 1765 1315 1803 multo
1340 1766 1427 1804 cibo
1453 1773 1488 1804 et

171 1830 329 1880 potione
351 1829 557 1878 completi?
587 1828 656 1866 Est
677 1828 871 1878 praeclara
892 1828 1052 1877 epistola
1073 1829 1243 1867 Platonis
1273 1830 1321 1868 ad
1350 1830 1489 1869 Dionis

172 1896 421 1946 propinquos,
452 1895 491 1931 in
525 1906 600 1943 qua
629 1895 812 1943 scriptum
851 1900 908 1930 est
944 1893 1003 1930 his
1041 1893 1119 1931 fere
1164 1896 1315 1934 verbis:
1371 1896 1488 1944 ‘Quo

172 1973 291 2011 quum
320 1960 520 2005 venissem,
551 1960 624 1996 vita
654 1959 714 1996 illa
743 1960 863 2004 beata,
895 1971 992 2009 quae
1023 1959 1223 2006 ferebatur,
1245 1962 1358 2010 plena
1387 1963 1488 2001 Itali-

112 2043 154 2076 40
172 2038 303 2064 carum
325 2025 687 2074 Syracusiarumque
708 2037 937 2070 mensarum,
955 2024 1059 2063 nullo
1080 2025 1199 2063 modo
1220 2027 1311 2064 mihi
1333 2028 1488 2077 placuit:

173 2093 229 2129 bis
259 2092 297 2128 in
327 2091 387 2128 die
418 2097 586 2127 saturum
618 2090 706 2136 fieri,
747 2102 817 2127 nec
856 2102 1041 2140 umquam
1079 2097 1304 2140 pernoctare
1342 2094 1488 2142 solum;

174 2163 385 2206 ceteraque,
408 2167 506 2204 quae
528 2156 755 2192 comitantur
776 2155 862 2193 huic
889 2157 995 2202 vitae,
1025 2156 1063 2192 in
1091 2168 1166 2206 qua
1194 2157 1346 2206 sapiens
1374 2171 1490 2197 nemo

175 2223 355 2260 efficietur
392 2233 587 2270 umquam,
627 2220 847 2259 moderatus
876 2233 965 2259 vero
1004 2221 1124 2259 multo
1164 2222 1301 2260 minus.
1379 2223 1490 2270 Quae

175 2288 276 2325 enim
298 2293 432 2324 natura
452 2293 529 2323 tam
550 2286 766 2323 mirabiliter
787 2287 989 2336 temperari
1015 2294 1141 2335 potest
1157 2288 1169 2325 ?
1185 2287 1194 2302 '
1252 2287 1343 2333 Quo
1371 2291 1491 2328 modo

116 2368 154 2398 45
176 2354 288 2401 igitur
317 2352 482 2390 iucunda
502 2351 575 2389 vita
603 2358 730 2402 potest
760 2364 854 2399 esse,
877 2364 898 2390 a
927 2364 1003 2403 qua
1032 2352 1130 2390 absit
1158 2352 1371 2403 prudentia,
1395 2356 1493 2395 absit
