1629 2553
181 134 226 168 16
517 134 761 166 EXTRACTS
790 133 925 165 FROM
954 134 1135 165 CICERO.

172 231 302 280 inquit,
333 230 426 266 ‘ista
455 229 647 266 horribilia
681 228 853 265 minitare
892 229 1108 277 purpuratis
1147 228 1243 265 tuis:
1287 225 1485 265 Theodori

172 295 325 345 quidem
345 294 435 331 nihil
457 294 620 338 interest,
643 293 798 330 humine
819 305 868 329 an
889 292 1050 330 sublime
1071 291 1284 341 putrescat!

225 360 342 397 Cuius
372 359 446 396 hoc
476 359 577 396 dicto
609 358 830 403 admoneor,
861 365 901 394 ut
939 357 1079 406 aliquid
1116 358 1229 394 etiam
1267 357 1314 394 de
1352 357 1486 394 huma·
1505 364 1545 396 95

172 427 275 463 tione
314 432 351 463 et
388 424 581 473 sepultura
623 422 828 460 dicendum
869 422 1104 460 existimem:
1152 434 1233 460 rem
1273 434 1353 460 non
1393 422 1487 459 diffi-

174 492 294 536 cilem,
340 492 383 528 iis
418 490 639 540 praesertim
681 488 856 536 cognitis,
906 499 1004 536 quae
1052 487 1100 524 de
1147 487 1239 524 nihil
1287 487 1488 524 sentiendo

171 556 298 605 paullo
339 561 425 592 ante
464 554 564 590 dieta
601 559 698 590 sunt.
756 552 817 589 De
861 564 937 601 qua
981 551 1156 589 Socrates
1200 552 1357 601 quidem
1397 551 1490 600 quid

173 620 341 666 senserit,
371 625 529 668 apparet
558 618 596 654 in
626 629 672 654 eo
701 617 796 654 libro
825 618 863 654 in
893 629 970 665 quo
1000 617 1182 654 moritur:
1227 616 1358 662 Quum
1386 616 1488 653 enim

172 687 219 723 de
249 684 530 722 immortalitate
560 682 777 719 animorum
807 682 1083 731 disputavisset,
1115 687 1152 719 et
1189 682 1265 718 iam
1303 680 1489 719 moriendi
1511 695 1570 717 100

171 757 322 799 tempus
351 755 514 797 urgeret,
545 753 701 796 rogatus
731 759 754 783 a
783 745 950 792 Critone,
981 746 1311 795 quemadmodum
1341 745 1490 795 sepeliri

171 815 290 860 vellet,
324 813 509 851 ‘Multam
539 812 651 857 vero‚'
682 811 804 860 inquit
833 814 1028 860 ‘operam‚
1059 812 1181 857 amici,
1221 811 1358 848 frustra
1395 823 1488 849 con-

172 880 327 928 sumpsi.
386 878 530 915 Critoni
560 877 662 914 enirn
692 883 823 913 nostro
853 887 932 913 non
962 877 1145 925 persuasi,
1165 888 1227 913 me
1254 876 1342 913 hinc
1363 876 1488 913 avola-

174 954 309 990 turum,
354 955 479 992 neque
522 941 732 990 quidquam
775 941 851 978 mei
895 940 1120 978 relicturum.
1197 940 1486 987 Verumtamen,

174 1009 288 1055 Crito,
319 1009 348 1046 si
378 1021 439 1046 me
478 1007 630 1055 assequi
669 1007 837 1055 potueris
876 1013 939 1043 aut
982 1006 1102 1043 sicubi
1144 1013 1277 1043 nactus
1320 1007 1404 1052 eris,
1447 1014 1488 1043 ut
1511 1022 1566 1053 105

173 1075 239 1112 tibi
268 1074 452 1111 videbitur
481 1072 652 1121 sepelito.
712 1070 799 1117 Sed,
831 1071 924 1107 mihi
963 1070 1085 1116 crede,
1127 1082 1242 1108 nemo
1285 1083 1346 1108 me
1389 1078 1488 1108 vest-

173 1152 267 1185 rum,
311 1151 429 1188 quum
468 1138 557 1174 hinc
597 1148 810 1181 excessero,
855 1134 1133 1185 consequetur.'
1208 1136 1403 1173 Praeclare
1450 1135 1488 1173 id

173 1205 339 1255 quidem,
370 1203 434 1253 qui
464 1209 500 1240 et
529 1202 655 1239 amico
683 1202 907 1250 permiserit,
938 1208 975 1238 et
1005 1213 1044 1238 se
1083 1201 1291 1239 ostenderit
1329 1202 1376 1238 de
1414 1201 1488 1238 hoc

175 1276 255 1308 toto
293 1280 432 1318 genere
472 1267 563 1304 nihil
600 1266 783 1303 laborare.
860 1266 1001 1303 Durior
1039 1266 1247 1316 Diogenes,
1281 1272 1317 1304 et
1346 1267 1377 1304 is
1406 1267 1488 1315 qui-

174 1336 261 1373 dem
292 1335 393 1372 idem
424 1333 602 1377 sentiens,
638 1331 717 1377 sed,
757 1337 798 1368 ut
836 1330 1013 1380 Cynicus,
1053 1332 1235 1380 asperius,
1275 1332 1409 1380 proiici
1447 1344 1487 1369 se
1510 1344 1568 1366 110
1613 1339 1629 1385 ’1

175 1401 280 1437 iussit
309 1400 559 1437 inhumatum.
635 1397 740 1434 Turn
779 1397 901 1442 amici,
941 1396 1244 1434 ‘Volucribusne
1278 1404 1315 1434 et
1352 1397 1486 1435 feris?’

175 1467 356 1504 ‘Minime
385 1464 498 1510 vero,'
529 1463 673 1512 inquit:
717 1462 805 1499 ‘sed
835 1463 1010 1499 bacillum
1035 1469 1187 1512 propter
1210 1475 1283 1509 me,
1305 1474 1383 1512 quo
1408 1464 1486 1500 abi-

171 1544 273 1579 gam,
305 1528 501 1579 ponitote.'
561 1527 664 1573 ‘Qui
697 1527 886 1576 poteris?’
919 1528 988 1564 illi:
1042 1530 1146 1562 ‘non
1183 1525 1285 1562 enim
1325 1523 1485 1561 senties!

171 1596 303 1642 ‘Quid
324 1596 435 1644 igitur
464 1593 556 1630 mihi
585 1592 746 1629 ferarum
778 1592 939 1629 laniatus
970 1593 1101 1638 oberit,
1134 1593 1225 1630 nihil
1256 1594 1483 1631 sentienti?'

169 1660 366 1698 Praeclare
405 1659 685 1706 Anaxagoras:
742 1657 817 1705 qui,
857 1669 975 1706 quum
1014 1657 1218 1706 Lampsaci
1265 1665 1485 1704 moreretur,
1510 1674 1565 1705 115

168 1725 438 1774 quaerentibus
458 1723 602 1767 amicis,
625 1722 786 1759 velletne
808 1721 1061 1760 Clazomenas
1082 1723 1119 1759 in
1140 1723 1313 1771 patriam,
1337 1723 1368 1761 si
1395 1724 1487 1773 quid

169 1790 202 1826 ei
232 1790 443 1833 accidisset,
466 1787 629 1826 auferri:
661 1790 669 1806 ‘
688 1786 791 1823 Nihil
812 1799 971 1825 necesse
998 1786 1078 1834 est‚’
1106 1788 1252 1836 inquit:
1295 1788 1486 1837 ‘undique

168 1856 269 1892 enim
294 1855 342 1891 ad
368 1854 511 1891 inferos
546 1852 786 1889 tantumdem
813 1853 895 1889 viae
925 1850 1004 1890 est.'
1062 1851 1241 1901 Totaque
1268 1852 1314 1889 de
1342 1853 1486 1891 ratione

167 1921 399 1958 humationis
428 1931 548 1956 unum
584 1918 793 1955 tenendum
821 1926 888 1963 est,
916 1918 964 1955 ad
992 1930 1132 1968 corpus
1161 1918 1261 1955 illam
1288 1920 1485 1968 pertinere,

168 1987 245 2024 sive
278 1985 460 2024 occiderit
489 1985 650 2028 animus,
682 1984 758 2020 sive
787 1984 922 2032 vigeat.
980 1983 1026 2020 In
1056 1996 1216 2033 corpore
1245 1991 1372 2022 autem
1401 1997 1486 2034 per·
1510 2002 1567 2023 120

167 2052 343 2100 spicuum
364 2056 432 2095 est,
454 2049 511 2087 vel
533 2049 722 2086 exstincto
743 2048 872 2086 animo
893 2048 950 2086 vel
977 2048 1121 2098 elapso,
1149 2049 1292 2086 nullum
1322 2049 1486 2088 residere

167 2126 335 2152 sensum.

518 2224 578 2257 21.
622 2218 686 2256 An
717 2218 856 2256 Heroz'c
884 2217 1135 2267 th'losopher.

223 2317 325 2355 Audi
354 2317 522 2353 moriens
548 2316 639 2365 quid
668 2317 766 2353 dicat
794 2316 996 2365 EpicuruS‚
1018 2322 1054 2352 et
1083 2315 1248 2363 intellige
1278 2315 1377 2354 facta
1406 2317 1485 2354 eius

166 2396 253 2421 cum
295 2382 403 2420 dictis
440 2381 667 2431 discrepare.
745 2381 957 2430 ‘Epicurus
996 2380 1236 2418 Hermarcho
1277 2380 1312 2418 S.
1354 2381 1485 2428 Quum
