1629 2553
173 138 196 176 6
502 146 744 178 EXTRACTS
774 147 910 178 FROM
939 147 1119 180 CICERO.

172 240 391 285 discessero,
414 252 601 289 nusquam
624 247 686 278 aut
707 241 851 278 nullum
872 241 962 279 sore.
1020 241 1104 278 Nec
1131 241 1245 285 enim,
1269 240 1360 279 dum
1383 253 1486 278 eram

172 305 378 350 vobiscum,
409 305 577 342 animum
611 318 740 343 meum
772 306 967 351 videbatis,
999 305 1065 343 sed
1099 317 1186 343 eum
1223 318 1305 343 esse
1340 306 1379 342 in
1413 306 1487 342 hoc

171 381 331 418 corpore
357 382 402 406 ex
430 370 473 406 iis
499 371 612 408 rebus
638 383 733 420 quas
758 372 938 419 gerebam
958 370 1235 419 intelligebatis.
1293 370 1486 407 Eumdem

171 435 282 484 igitur
315 446 397 472 esse
431 435 624 481 creditote,
659 436 772 472 etiam
806 436 836 473 si
871 435 1015 472 nullum
1045 435 1227 472 videbitis.
1287 434 1370 472 Nec
1398 446 1488 472 vero

172 501 357 538 clarorum
395 499 559 536 virorum
604 506 692 548 post
730 507 891 539 mortem
929 500 1097 537 honores
1136 505 1417 549 permanerent,
1458 499 1489 535 si

172 564 262 602 nihil
282 576 414 602 eorum
435 564 603 613 ipsorum
625 564 740 601 animi
763 565 967 610 efficerent,
987 576 1065 613 quo
1094 564 1233 602 diutius
1263 564 1488 602 memoriam

172 630 229 668 sui
259 637 486 667 teneremus.
545 629 641 666 Mihi
673 630 828 678 quidem
859 641 1070 678 numquam
1101 629 1320 678 persuaderi
1352 629 1487 678 potuit,

171 696 333 741 animos,
353 695 444 732 dum
464 696 503 732 in
530 695 754 744 corporibus
781 701 908 733 essent
934 695 1168 740 mortalibus,
1189 695 1334 740 vivere;
1366 706 1485 743 quum

171 762 337 800 exissent
357 773 404 798 ex
424 761 478 806 iis,
500 760 641 798 emori:
671 772 742 797 nec
761 772 850 797 vero
882 767 961 797 tum
991 760 1162 797 animum
1192 772 1277 797 esse
1306 760 1489 809 insipien-

173 833 258 872 tem,
281 838 399 875 quum
429 837 474 863 ex
504 825 696 874 insipienti
726 836 888 874 corpore
918 826 1118 872 evasisset;
1155 826 1223 863 sed
1243 837 1361 875 quum
1382 825 1489 862 omni

172 891 404 928 admixtione
432 890 604 939 corporis
624 890 803 927 liberatus
823 902 940 939 purus
960 897 995 927 et
1015 890 1163 939 integer
1183 902 1267 928 esse
1288 890 1490 939 coepisset,

172 964 252 994 tum
284 967 367 993 esse
403 955 623 1004 sapientem.
683 955 809 1004 Atque
844 956 969 1000 etiam,
1004 967 1121 1004 quum
1156 955 1323 992 hominis
1358 960 1492 992 natura

172 1028 293 1059 morte
311 1019 538 1065 dissolvitur,
558 1026 768 1057 ceterarum
789 1032 913 1056 rerum
935 1020 1179 1069 perspicuum
1201 1026 1256 1057 est
1277 1031 1354 1069 quo
1375 1031 1491 1068 quae-

172 1096 246 1132 que
280 1082 475 1128 discedat3
517 1083 657 1119 abeunt
691 1082 794 1118 enim
829 1082 914 1119 illuc
949 1082 1088 1127 omnia,
1123 1082 1224 1119 unde
1263 1089 1346 1119 orta
1383 1088 1492 1120 sunt:

172 1149 321 1187 animus
354 1154 480 1184 autem
517 1147 619 1184 solus
655 1159 726 1184 nec
766 1159 884 1195 quum
924 1147 1031 1184 adest
1069 1158 1140 1184 nec
1177 1159 1295 1197 quum
1335 1146 1494 1185 discedit

173 1219 340 1263 apparet.
398 1213 479 1249 Iam
502 1224 590 1249 vero
612 1212 744 1249 videtis
767 1211 859 1248 nihil
881 1224 964 1249 esse
989 1212 1101 1249 morti
1128 1220 1205 1249 tam
1232 1211 1351 1248 simile
1379 1223 1494 1261 quam

174 1290 363 1316 somnum.
395 1277 513 1327 Atqui
534 1277 806 1315 dormientium
828 1277 943 1314 animi
964 1278 1130 1314 maxime
1151 1277 1343 1314 declarant
1363 1277 1495 1314 divini-

175 1350 290 1381 tatem
317 1354 449 1380 suam:
485 1342 604 1380 multa
630 1342 742 1388 enim,
766 1354 884 1391 quum
906 1342 1051 1380 remissi
1073 1348 1110 1379 et
1129 1342 1232 1379 liberi
1254 1348 1351 1387 sunt,
1373 1341 1496 1379 futura

174 1408 422 1459 prospiciunt.
479 1407 539 1444 Ex
569 1420 646 1456 quo
675 1407 893 1456 intelligitur
917 1407 1047 1457 quales
1072 1407 1184 1444 futuri
1212 1407 1295 1453 sint,
1315 1418 1434 1456 quum
1455 1418 1495 1443 se

173 1474 286 1523 plane
307 1473 478 1522 corporis
500 1472 660 1510 vinculis
680 1472 939 1510 relaxaverint.
997 1472 1138 1518 Quare,
1163 1473 1193 1509 si
1213 1472 1307 1510 haec
1326 1472 1377 1510 ita
1397 1479 1496 1518 sunt,

174 1540 228 1578 sic
249 1551 311 1576 me
333 1539 499 1584 colitote,
519 1544 561 1575 ut
582 1539 718 1576 deum:
750 1539 808 1576 sin
828 1551 905 1576 una
925 1544 982 1576 est
1001 1539 1216 1576 interiturus
1237 1539 1386 1576 animus
1407 1550 1495 1575 cum

174 1617 348 1655 corpore,
370 1615 439 1641 vos
461 1610 589 1641 tamen
612 1604 706 1642 deos
728 1610 910 1650 verentes,
932 1604 996 1653 qui
1022 1603 1122 1641 hanc
1148 1615 1305 1640 ornnem
1331 1603 1494 1652 pulchri-

175 1670 347 1707 tudinem
369 1675 520 1706 tuentur
540 1675 577 1706 et
597 1676 746 1718 regunt,
766 1670 993 1707 memoriam
1013 1668 1131 1706 nostri
1157 1668 1217 1718 pie
1241 1668 1494 1717 inviolateque

175 1733 393 1773 servabitis'
451 1734 574 1784 Cyrus
596 1735 752 1784 quidem
772 1734 867 1772 haec
888 1734 1066 1772 moriens.

584 1866 623 1899 8.
666 1860 740 1899 The
767 1861 868 1898 Lasl
891 1860 1082 1898 Resource.

231 1966 530 2004 Lacedaemonii
571 1966 747 2016 Philippo
786 1965 972 2003 minitanti
1005 1978 1072 2015 per
1105 1964 1255 2010 litteras,
1289 1977 1330 2003 se
1364 1965 1495 2004 omnia

176 2044 272 2082 quae
306 2038 535 2069 conarentur
568 2031 856 2080 prohibiturum,
888 2031 1163 2080 quaesiverunt,
1195 2042 1287 2067 num
1321 2042 1361 2067 se
1394 2036 1493 2068 esset

175 2098 288 2135 etiam
317 2097 416 2134 mori
444 2097 712 2146 prohibiturus.

477 2230 518 2263 9.
562 2224 740 2262 Goodness
764 2222 958 2274 prqfcrred
981 2226 1013 2259 lc
1042 2220 1189 2260 Rz’clzes.

231 2328 370 2366 Danda
417 2328 576 2366 omnino
627 2340 744 2377 opera
791 2334 847 2364 est
890 2334 929 2364 ut
967 2327 1073 2363 omni
1112 2326 1241 2375 generi
1280 2325 1493 2363 satisfacere

177 2394 389 2443 possimus3
450 2393 515 2431 sed
564 2394 593 2430 si
641 2405 698 2430 res
739 2392 777 2429 in
821 2391 1106 2430 contentionem
1145 2391 1279 2433 veniet.
1318 2391 1493 2428 nimirum

1513 708 1550 731 10

1514 1037 1549 1068 15
1624 1040 1629 1068 ἰ

1516 1360 1554 1383 20

1514 1683 1552 1716 ²5
