1629 2553
71 339 106 370 ²5

68 669 110 700 30

69 1317 108 1347 40

72 1646 107 1676 ⁴5

72 1972 112 2004 50

72 2303 109 2334 55

554 99 711 130 GREEK
743 99 1026 132 ANECDOTES.
1395 104 1440 134 21

127 192 238 239 Quae
276 193 392 242 regio,
432 205 530 243 quae
569 205 644 238 ora,
679 193 743 242 qui
781 193 888 231 locus
927 192 1125 239 Graeciae,
1166 205 1264 243 quae
1299 193 1446 242 specics

127 258 324 307 formaque
358 271 521 308 pugnae,
551 271 649 308 quae
683 259 794 304 acies,
830 259 935 308 quod
969 259 1181 307 remigium,
1217 259 1281 308 qui
1322 265 1448 296 motus

126 323 337 369 hominum,
368 324 433 374 qui
462 324 624 362 ferarum
658 336 738 362 non
773 324 824 361 ita
854 324 1029 373 expictus
1063 330 1132 369 est,
1152 331 1203 370 ut,
1234 336 1332 373 quae
1365 324 1447 373 ipse

127 402 205 428 non
239 390 382 435 viderit,
417 402 488 428 nos
519 396 560 427 ut
593 390 807 427 videremus
839 389 1032 427 effecerit?
1082 388 1188 435 Quid
1221 390 1342 438 ergo?
1384 396 1448 427 aut

128 455 303 492 Homero
337 455 628 493 delectationem
663 455 779 492 animi
811 467 855 492 ac
890 455 1134 504 voluptatem,
1170 461 1235 492 aut
1269 455 1448 504 cuiquam

127 521 243 558 docto
281 520 447 558 defuisse
485 532 669 570 umquam
708 520 958 558 arbitramur?
1007 520 1096 562 Aut,
1136 521 1173 557 ni
1212 521 1264 558 ita
1305 533 1346 558 se
1387 533 1447 558 res

128 586 294 631 haberet,
333 587 585 635 Anaxagoras
633 592 696 623 aut
740 585 802 623 hic
849 585 931 635 ipse
970 585 1215 623 Democritus
1263 598 1375 635 agros
1413 592 1449 623 et

128 652 356 701 patrimonia
404 663 473 689 sua
520 651 770 700 reliquissent,
810 650 898 688 huic
947 651 1121 689 discendi
1164 651 1448 702 quaerendique

129 717 278 754 divinae
317 716 559 754 delectationi
599 722 680 754 toto
729 728 769 754 se
817 716 947 754 animo
995 716 1257 754 dedidissent?
1314 716 1449 766 Itaque

128 794 311 831 augurem
341 781 542 827 Tiresiam,
573 794 688 831 quem
724 781 936 830 sapientem
967 781 1117 830 fingunt
1152 787 1302 830 poetae,
1338 794 1448 819 num-

128 860 244 898 quam
282 847 468 885 inducunt
516 847 781 897 deplorantem
830 847 1053 885 caecitatem
1092 859 1213 885 suam.
1270 848 1322 885 At
1360 860 1449 886 vero

128 912 409 963 Polyphemum
431 912 638 958 Homerus,
661 925 780 962 quum
807 913 1019 950 immanem
1043 911 1243 962 serumque
1264 913 1448 951 finxisset.

95 986 106 994 ¹
129 990 217 1016 cum
255 978 369 1015 ariete
403 978 518 1015 etiam
550 978 835 1027 colloquentem
869 977 958 1016 facit
991 977 1149 1028 eiusque
1184 977 1337 1016 laudare
1375 979 1450 1016 sor-

129 1050 251 1089 lunas,
290 1042 396 1092 quod
443 1054 520 1092 qua
567 1043 676 1080 vellet
724 1043 872 1092 ingredi
918 1049 1061 1091 posset,
1110 1050 1147 1081 et
1196 1056 1294 1094 quae
1342 1044 1449 1081 vellet

129 1109 323 1158 attingere.
400 1108 520 1146 Recte
554 1108 627 1147 ‚hic
675 1108 843 1159 quidem.
915 1107 1043 1146 Nihilo
1091 1108 1194 1146 enim
1243 1115 1322 1146 erat
1369 1110 1450 1159 ipse

128 1174 296 1224 Cyclops
317 1186 434 1224 quam
454 1174 550 1211 aries
570 1174 631 1211 ille
652 1174 885 1222 prudentior.

183 1239 229 1276 In
264 1239 445 1277 surditate
479 1250 567 1276 vero
598 1238 782 1288 quidnam
812 1245 868 1276 est
899 1238 1012 1276 mali?
1061 1238 1153 1276 Erat
1183 1239 1374 1277 surdaster
1395 1240 1448 1278 M.

129 1304 307 1342 Crassus:
329 1304 397 1341 sed
413 1303 515 1341 aliud
530 1304 740 1349 molestius,
762 1303 868 1354 quod
884 1304 982 1341 male
1000 1303 1178 1342 audiebat
1191 1316 1200 1351 ;
1221 1305 1335 1342 etiam
1351 1306 1393 1352 si,
1409 1312 1450 1343 ut

127 1370 218 1407 mihi
232 1369 438 1415 videbatur,
452 1369 596 1407 iniuria.
623 1369 754 1407 Nostri
770 1369 919 1408 Graece
934 1369 1010 1408 fere
1024 1370 1211 1416 nesciunt,
1226 1383 1298 1409 nec
1312 1371 1449 1410 Graeci

129 1435 275 1473 Latine.
342 1434 448 1484 Ergo
468 1435 506 1472 hi
532 1434 571 1472 in
591 1435 754 1481 illorum,
775 1441 812 1472 et
832 1435 882 1472 illi
902 1436 941 1472 in
964 1435 1103 1472 horum
1124 1448 1301 1474 sermone
1322 1439 1448 1476 surdi:

128 1512 340 1550 omnesque
362 1512 433 1537 nos
453 1500 492 1537 in
518 1500 562 1538 iis
582 1500 720 1550 linguis
741 1512 835 1550 quas
855 1512 936 1538 non
965 1501 1220 1551 intelligimus,
1243 1515 1340 1552 quae
1363 1511 1450 1542 sunt

128 1566 437 1612 innumerabiles,
459 1566 562 1603 surdi
592 1565 767 1615 profecto
798 1578 941 1604 sumus.
1000 1567 1051 1604 At
1080 1579 1216 1605 vocem
1241 1568 1450 1607 citharoedi

128 1644 208 1669 non
235 1631 417 1669 audiunt:
447 1643 495 1669 ne
523 1631 724 1670 stridorem
751 1631 907 1681 quidem
933 1644 1056 1670 serrae
1085 1639 1176 1679 tum,
1202 1645 1322 1683 quum
1348 1635 1449 1672 acui-

128 1704 210 1734 tur:
242 1703 305 1734 aut
324 1697 557 1746 grunnitum,
579 1708 698 1746 quum
725 1697 924 1746 iugulatur,
945 1697 1042 1735 suis:
1079 1710 1163 1744 nec,
1184 1710 1304 1747 quum
1325 1700 1449 1749 quies-

129 1775 214 1800 cere
253 1762 397 1809 volunt,·
433 1762 624 1799 fremitum
663 1762 934 1800 murmurantis
973 1763 1099 1801 maris.
1158 1763 1209 1801 Et
1247 1765 1277 1802 si
1317 1772 1451 1804 cantus

128 1840 196 1865 eos
223 1827 319 1865 forte
353 1827 553 1874 delectant,
585 1828 751 1877 primum
783 1828 951 1876 cogitare
983 1827 1136 1875 debent,
1170 1836 1377 1879 antequam
1412 1831 1450 1868 hi

129 1895 204 1932 sint
232 1895 385 1941 inventi,
415 1894 556 1932 multos
591 1895 700 1932 beate
731 1895 867 1932 vixisse
898 1894 1111 1943 sapientes:
1155 1894 1295 1932 deinde
1330 1896 1450 1934 multo

130 1961 315 1998 maiorem
345 1960 488 2009 percipi
517 1971 633 2010 posse
662 1959 835 2009 legendis
866 1959 923 1996 his
953 1971 1070 2008 quam
1100 1960 1299 1998 audiendis
1319 1961 1449 2011 volup-

129 2034 267 2065 tatem:
298 2034 389 2073 tum,
410 2034 451 2064 ut
479 2027 607 2076 paullo
629 2034 716 2064 ante
744 2038 880 2064 caecos
902 2026 950 2064 ad
980 2026 1127 2064 aurium
1155 2026 1450 2065 traducebamus

128 2092 372 2142 voluptatem,
413 2093 467 2130 sic
515 2093 602 2129 licet
643 2092 781 2129 surdos
819 2092 868 2129 ad
916 2092 1127 2129 oculorum.
1185 2092 1339 2130 Etenim
1386 2094 1451 2143 qui

129 2172 260 2198 secum
280 2159 384 2209 loqui
405 2159 553 2208 poterit,
576 2170 793 2196 sermonem
814 2158 965 2196 alterius
985 2170 1065 2195 non
1086 2159 1259 2208 requiret.

184 2224 450 2274 Congerantur
486 2225 523 2261 in
553 2236 673 2261 unum
707 2224 850 2269 omnia,
880 2230 921 2261 ut
950 2223 1051 2260 idem
1081 2224 1201 2262 oculis
1230 2231 1267 2262 et
1296 2225 1450 2263 auribus

130 2297 264 2339 captus
311 2290 368 2336 sit,
407 2296 601 2339 prematur
639 2290 754 2327 etiam
802 2289 997 2326 doloribus
1035 2289 1226 2327 acerrimis
1265 2291 1448 2340 corporis.

129 2355 206 2401 Qui
237 2355 403 2405 primum
437 2368 504 2405 per
550 2367 590 2393 se
624 2355 695 2405 ipsi
729 2355 956 2405 plerumque
990 2354 1198 2392 conficiunt
1229 2354 1447 2394 hominem:
