1629 2553
596 113 769 144 ROMAN
797 111 1085 144 ANEcDoTES.
1441 100 1493 153 67

176 207 411 246 videbamus.
469 206 559 253 Quo
579 207 617 244 in
638 219 778 256 genere
798 205 1098 243 versutissimum
1123 210 1161 242 et
1181 203 1494 253 patientissimum

178 272 531 310 Lacedaemonium
552 271 796 321 Lysandrum
817 271 1058 320 accepimus:
1089 275 1298 318 contraque
1321 267 1496 306 Callicra-

115 354 158 385 30
178 339 308 384 tidam,
329 338 393 387 qui
414 337 628 387 praefectus
655 337 786 375 classis
806 337 1003 386 proximus
1029 341 1118 385 post
1138 335 1379 385 Lysandrum
1407 335 1495 373 suit:

178 404 345 453 itemque
366 404 404 440 in
421 403 663 441 sermonibus
679 402 805 447 alium,
824 401 1000 451 quamvis
1016 407 1245 450 praepotens
1263 401 1319 443 sit,
1337 400 1497 446 efficere,

177 476 218 506 ut
239 481 338 506 unus
360 468 407 506 de
427 468 555 506 multis
582 480 666 506 esse
686 467 856 505 videatur
868 480 878 513 ,·
914 466 1019 516 quod
1039 466 1077 502 in
1104 465 1253 510 Catulo,
1275 471 1312 502 et
1332 465 1369 501 in
1393 472 1498 515 patre

177 540 213 571 et
232 533 271 570 in
291 533 379 579 filio,
401 533 580 583 idemque
600 533 639 569 in
661 532 709 578 Q.
732 532 865 569 Mucio
887 531 1043 569 Mancia
1063 531 1236 568 vidimus.
1295 530 1436 567 Audivi
1451 543 1498 568 ex

176 599 385 636 maioribus
405 605 496 636 natu
516 598 590 636 hoe
611 598 712 635 idem
733 597 848 635 fuisse
877 597 916 634 in
938 596 978 633 P.
1003 596 1183 645 Scipione
1204 594 1366 633 Nasica:
1406 607 1499 633 con-

117 677 156 710 ³5
177 670 309 713 traque
338 670 485 713 patrem
515 664 606 709 eius,
636 663 752 708 illum,
775 663 839 711 qui
859 662 921 699 Ti.
943 661 1109 699 Gracchi
1139 667 1300 698 conatus
1330 660 1500 710 perditos

176 729 387 775 vindicavit,
410 729 552 767 nullam
582 729 803 766 comitatem
832 728 1011 765 habuisse
1041 727 1252 773 sermonis;
1291 739 1340 764 ne
1369 726 1500 764 Xeno-

177 801 321 832 cratem
356 794 524 843 quidem,
560 794 843 832 severissimum
882 792 1215 843 philosophorum,
1248 792 1299 829 ob
1338 803 1501 840 eamque

177 871 258 896 rem
288 859 412 908 ipsam
441 871 628 909 magnum
649 866 685 897 et
715 859 858 896 clarum
889 858 1016 896 fuisse.
1074 857 1379 895 Innumerabiles
1407 857 1502 893 aliae

178 924 501 963 dissimilitudines
522 932 609 963 sunt
634 931 790 962 naturae
815 935 1056 973 morumque,
1078 923 1236 960 minime
1258 928 1387 960 tamen
1408 922 1501 959 vitu·

120 1002 160 1032 40
178 990 450 1039 perandorum.

508 1099 571 1133 15.
605 1095 682 1131 Ὀτι
710 1097 812 1141 μόνον
839 1095 967 1142 ἀγαθὸν
994 1096 1032 1130 τὸ
1061 1095 1174 1131 καλόν.

234 1199 324 1237 Vita
344 1205 458 1249 atque
475 1199 583 1237 factis
604 1198 827 1237 illustranda
847 1205 935 1237 sunt
956 1209 1195 1236 summorum
1211 1197 1376 1235 virorum
1396 1197 1502 1243 haec,

180 1277 278 1314 quae
316 1265 440 1302 verbis
489 1264 661 1302 subtilius
701 1276 816 1314 quam
866 1265 955 1301 satis
994 1270 1051 1302 est
1089 1263 1271 1312 disputari
1318 1262 1501 1300 videntur.

181 1330 338 1377 Quaero
372 1330 476 1367 enim
514 1342 537 1367 a
569 1330 687 1371 vobis,
724 1341 817 1366 num
857 1329 974 1366 ullam
1009 1329 1283 1378 cogitationem
1322 1328 1502 1366 habuisse

180 1395 376 1433 videantur
405 1395 439 1440 ii,
461 1395 526 1444 qui
556 1394 655 1433 hanc
684 1395 959 1444 rempublicam
989 1401 1067 1432 tam
1087 1394 1279 1444 praeclare
1306 1394 1504 1432 fundatam

143 1479 161 1510 5
181 1460 293 1498 nobis
313 1460 560 1509 reliquerunt,
582 1466 646 1498 aut
666 1461 746 1498 auri
767 1466 804 1498 et
824 1460 969 1509 argenti
990 1461 1039 1498 ad
1066 1460 1270 1507 avaritiam,
1291 1466 1354 1497 aut
1374 1471 1504 1497 amoe-

182 1526 344 1563 nitatum
374 1525 423 1563 ad
458 1525 764 1571 delectationem,
796 1532 860 1563 aut
892 1526 1134 1575 supellectilis
1162 1525 1211 1563 ad
1242 1525 1407 1572 delicias,
1442 1533 1506 1563 aut

183 1590 381 1639 epularum
403 1591 453 1628 ad
474 1590 714 1640 voluptates?
748 1590 885 1628 Ponite
906 1598 993 1628 ante
1015 1591 1149 1629 oculos
1170 1603 1289 1628 unum
1312 1603 1505 1640 quemque

184 1667 329 1704 regum.
387 1654 513 1693 Vultis
543 1668 566 1693 a
586 1655 783 1693 Romulo?
813 1655 923 1693 vultis
952 1662 1041 1705 post
1060 1655 1218 1693 liberam
1248 1656 1438 1694 civitatem
1458 1657 1506 1694 ab

183 1720 227 1757 iis
248 1721 350 1769 ipsis,
373 1721 437 1770 qui
458 1721 736 1759 liberaverunt?
767 1720 917 1767 Quibus
936 1721 1092 1759 tandem
1113 1722 1293 1770 gradibus
1315 1721 1506 1760 Romulus

128 1803 166 1826 10
184 1785 355 1822 escendit
374 1786 414 1822 in
434 1786 608 1825 caelum?
639 1787 746 1833 iisne,
764 1799 861 1836 quae
883 1787 942 1824 isti
959 1787 1062 1824 bona
1079 1786 1295 1836 appellant?
1324 1800 1374 1824 an
1394 1788 1506 1825 rebus

185 1852 301 1901 gestis
322 1858 435 1902 atque
455 1853 679 1890 virtutibus?
713 1852 843 1899 Quid?
883 1865 905 1890 a
925 1852 1057 1890 Numa
1076 1852 1295 1902 Pompilio?
1328 1854 1506 1891 minusne

184 1924 311 1966 gratas
342 1918 412 1955 diis
433 1917 713 1956 immortalibus
744 1918 950 1968 capedines
970 1931 1015 1956 ac
1044 1918 1176 1956 fictiles
1202 1917 1370 1956 hirnulas
1391 1919 1506 1957 fuisse

186 1994 302 2031 quam
323 1982 480 2020 filicatas
501 1983 663 2020 aliorum
684 1990 834 2033 pateras
855 1984 1105 2021 arbitramur?
1145 1983 1293 2022 Omitto
1313 1985 1480 2034 reliquos
1497 1999 1505 2023 :

187 2054 274 2084 sunt
295 2047 397 2084 enim
417 2060 554 2086 omnes
575 2061 686 2097 pares
707 2049 803 2086 inter
824 2062 863 2087 se
890 2056 1039 2099 praeter
1061 2049 1289 2099 Superbum.
1347 2050 1507 2089 Brutum

133 2126 167 2157 ¹5
188 2112 219 2149 si
240 2113 324 2161 quis
345 2120 465 2162 roget,
489 2113 580 2163 quid
607 2114 725 2163 egerit
745 2115 783 2151 in
811 2116 931 2164 patria
957 2115 1163 2161 liberanda,
1186 2116 1216 2152 si
1237 2116 1321 2166 quis
1341 2116 1430 2153 item
1451 2129 1507 2154 re-

188 2177 312 2227 liquos
334 2178 506 2216 eiusdem
537 2180 684 2217 consilii
713 2181 852 2226 socios,
875 2181 967 2230 quid
994 2181 1256 2230 spectaverint,
1278 2182 1370 2231 quid
1391 2183 1509 2220 secuti

188 2243 273 2290 sint,
295 2256 388 2281 num
409 2245 494 2294 quis
515 2246 681 2292 exsistet,
703 2247 763 2284 cui
784 2247 968 2296 voluptas,
992 2247 1051 2284 cui
1076 2247 1236 2293 divitiae,
1258 2248 1317 2285 cui
1344 2248 1509 2298 denique

188 2315 336 2358 praeter
358 2309 528 2348 officium
551 2310 656 2349 fortis
677 2318 714 2349 et
732 2313 864 2361 magni
884 2313 949 2350 viri
977 2313 1188 2362 quidquam
1215 2313 1316 2351 aliud
1335 2315 1510 2364 proposi·

191 2381 272 2410 tum
290 2373 405 2412 fuisse
423 2374 618 2414 videatur?
650 2376 760 2424 Quae
777 2390 836 2416 res
851 2378 900 2415 ad
917 2391 1052 2416 necem
1069 2378 1263 2417 Porsenae
1280 2379 1322 2418 C.
1338 2379 1510 2418 Mucium

817 2454 840 2481 Β·
874 2454 893 2480 2
