1629 2553
639 95 812 127 ROMAN
839 93 1122 125 ANECDOTES.
1489 93 1540 136 57

221 197 261 228 ut
291 190 359 228 sibi
390 190 630 239 ignoscerem
661 201 817 227 causam
847 188 1040 233 afferebat,
1072 185 1177 237 quod
1207 186 1300 224 tanti
1331 184 1392 222 Ti.
1423 184 1542 222 Grac-

221 256 336 293 chum
365 256 528 302 fecisset,
553 262 604 301 ut,
634 253 821 304 quidquid
851 254 909 291 ille
930 253 1050 299 vellet,
1081 252 1150 290 sibi
1182 250 1400 288 faciendum
1429 257 1538 299 puta-

184 337 201 368 5
221 329 288 359 ret.
345 320 450 358 Tum
484 333 570 370 ego,
609 320 819 365 ‘Etiamne‚
851 320 881 356 si
912 325 947 356 te
977 319 1015 355 in
1051 316 1284 367 Capitolium
1314 316 1418 353 faces
1448 315 1543 352 ferre

221 384 373 423 vellet?'
412 385 683 436 ‘Numquam,'
713 385 847 433 inquit,
880 383 1083 421 ‘voluisset
1120 381 1159 419 id
1189 381 1371 431 quidem.'
1429 380 1542 426 ‘Sed,

221 451 252 488 si
291 451 514 488 voluisset?'
568 447 832 488 ‘Paruissem.'
902 448 1050 487 Videtis
1098 460 1215 498 quam
1265 446 1411 484 nefaria
1457 457 1544 484 vox.

221 515 270 553 Et
298 515 424 554 hercle
454 517 505 554 ita
534 515 644 562 fecit;
687 515 744 553 vel
774 515 858 565 plus
887 515 1002 552 etiam
1032 524 1149 563 quam
1171 512 1288 550 dixit:
1332 524 1411 550 non
1438 512 1543 548 enim

220 582 345 630 paruit
377 581 437 619 ille
475 581 538 620 Ti.
581 580 747 619 Gracchi
787 580 998 625 temeritati,
1038 579 1106 617 sed
1145 577 1307 628 praefuit
1320 590 1330 624 ;
1380 589 1454 615 nec
1502 589 1543 614 se

165 664 204 686 ιο
221 647 402 685 comitem
440 647 537 684 illius
584 646 722 684 furoris
762 646 831 684 sed
869 645 1008 682 ducem
1045 643 1231 693 praebuit.
1289 642 1424 692 Itaque
1471 642 1544 679 hac

221 712 401 758 amentia,
441 712 664 762 quaestione
704 723 803 749 nova
840 710 1071 760 perterritus,
1111 710 1151 746 in
1189 708 1323 746 Asiam
1362 707 1543 757 profugit,

220 777 269 814 ad
306 776 437 815 hostes
471 789 512 815 se
544 777 712 822 contulit,
749 788 896 826 poenas
924 775 1154 824 reipublicae
1184 786 1320 823 graves
1350 773 1544 822 iustasque

220 842 410 891 persolvit.
486 841 601 880 Nulla
649 849 706 879 est
753 842 865 891 igitur
912 841 1109 879 excusatio
1156 840 1305 889 peccati
1353 839 1384 876 si
1431 840 1543 876 amici

220 919 335 945 causa
354 908 584 957 peccaveris.

558 1074 598 1108 5.
637 1067 760 1106 Pt'so’s
788 1069 907 1118 Reply
934 1073 968 1106 lo
1001 1067 1204 1106 Gracchus.

272 1203 361 1242 Piso
381 1203 440 1240 ille
461 1203 576 1251 Frugi
598 1214 748 1251 semper
769 1208 903 1240 contra
921 1201 1048 1250 legem
1075 1200 1361 1238 frumentariam
1384 1200 1536 1238 dixerat.

219 1269 269 1315 Is,
289 1269 374 1318 lege
402 1268 488 1315 lata,
509 1267 720 1306 consularis
746 1266 795 1305 ad
819 1266 1053 1304 frumentum
1084 1265 1355 1315 accipiendum
1375 1272 1544 1304 venerat.

218 1333 496 1371 Animadvertit
517 1331 716 1371 Gracchus
738 1333 776 1369 in
792 1332 981 1370 concione
998 1332 1181 1369 Pisonem
1198 1337 1374 1369 stantem.
1415 1330 1544 1379 Quae-

217 1400 263 1436 rit
283 1399 460 1436 audiente
487 1398 634 1447 populo
662 1397 856 1444 Romano,
877 1398 942 1447 qui
963 1397 1033 1435 sibi
1062 1403 1223 1443 constet,
1246 1409 1366 1446 quum
1396 1409 1441 1434 ea
1460 1397 1544 1446 lege

181 1475 196 1506 5
218 1464 449 1502 frumentum
478 1470 595 1513 petat,
625 1475 742 1513 quam
773 1463 1002 1501 dissuaserit.
1063 1462 1239 1509 ‘Nolim‚’
1271 1463 1404 1512 inquit,
1436 1465 1544 1500 ‘mea

217 1531 332 1576 bona,
367 1529 555 1574 Gracche,
590 1529 657 1566 tibi
695 1529 831 1566 viritim
870 1528 1036 1567 dividere
1065 1528 1206 1566 libeat:
1250 1528 1319 1566 sed
1355 1528 1386 1566 si
1416 1528 1543 1573 facias,

217 1602 363 1644 partem
397 1594 550 1644 petam.'
608 1594 798 1632 Parumne
831 1594 1034 1632 declaravit
1066 1594 1120 1631 vir
1157 1595 1282 1644 gravis
1317 1601 1353 1632 et
1392 1594 1543 1643 sapiens

217 1659 303 1708 lege
323 1659 550 1709 Sempronia
569 1659 842 1709 patrimonium
861 1659 1056 1709 publicum
1077 1659 1280 1709 dissipari?

666 1835 707 1869 6.
745 1829 845 1868 Love
873 1831 922 1881 qf
939 1831 1088 1869 Power.

269 1963 480 2013 Dionysius
509 1963 666 2013 quidem
696 1970 890 2014 tyrannus,
919 1964 1115 2014 Syracusis
1145 1965 1339 2016 expulsus,
1362 1965 1539 2004 Corinthi

215 2043 355 2081 pueros
376 2030 561 2068 docebat:
591 2042 713 2079 usque
734 2041 781 2067 eo
802 2030 963 2079 imperio
984 2043 1111 2068 carere
1132 2043 1212 2069 non
1232 2037 1393 2081 poterat.
1442 2031 1540 2069 Tar-

214 2096 346 2145 quinio
375 2107 464 2132 vero
496 2095 589 2144 quid
623 2094 893 2144 impudentius,
929 2096 992 2145 qui
1022 2097 1165 2134 bellum
1196 2103 1345 2146 gereret
1377 2109 1465 2136 cum
1496 2098 1540 2135 iis

214 2161 278 2211 qui
308 2161 388 2198 eius
417 2172 497 2197 non
526 2160 688 2197 tulerant
718 2161 962 2210 superbiam?
1001 2161 1050 2207 Is,
1073 2174 1192 2211 quum
1213 2162 1356 2200 restitui
1385 2163 1424 2200 in
1454 2176 1538 2212 reg-

178 2242 193 2274 5
214 2238 306 2263 num
335 2237 408 2263 nec
428 2224 647 2262 Veientium
677 2237 748 2263 nec
775 2225 999 2263 Latinorum
1030 2227 1145 2264 armis
1170 2228 1368 2276 potuisset,
1392 2227 1538 2265 Cumas

214 2304 255 2330 se
276 2291 480 2328 contulisse
510 2290 655 2336 dieitur,
676 2291 792 2340 inque
813 2303 857 2329 ea
877 2293 970 2330 urbe
1001 2293 1108 2330 senio
1130 2299 1167 2330 et
1197 2294 1433 2342 aegritudine
1454 2306 1537 2332 esse

215 2356 425 2394 confectus.
