1629 2553
93 105 144 152 64
439 110 683 142 EXTRACTS
713 111 848 141 FROM
878 112 1056 144 CICERO.

146 218 203 242 xv.
236 205 368 250 Quum
400 205 564 243 Scaurus
603 206 829 243 nonnullam
868 205 1024 243 haberet
1061 207 1239 244 invidiam
1278 220 1326 244 ex
1363 220 1410 245 eo

94 271 198 319 quod
219 270 446 319 Phrygionis
476 270 662 320 Pompeii,
685 270 885 319 locupletis
907 269 1083 317 hominis,
1103 273 1207 309 bona
1227 272 1307 309 sine
1335 279 1410 309 tes-

94 341 264 372 tamento
286 335 521 384 possederat,
545 336 770 384 sederetque
791 335 999 373 advocatus
1019 348 1085 373 reo
1106 335 1266 382 Bestiae,
1291 349 1409 385 quum
1429 339 1467 379 65

92 401 206 438 sunus
235 401 432 450 quoddam
463 401 674 446 duceretur,
706 407 908 439 accusator
939 401 982 439 C.
1014 401 1235 449 Memmius,
1262 401 1410 447 ‘Vide‚'

94 466 225 514 inquit,
249 470 257 486 ‘
273 465 423 511 Scaure,
445 473 619 504 mortuus
639 467 794 515 rapitur,
817 467 847 504 si
868 475 980 516 potes
1001 480 1084 505 esse
1106 467 1330 517 possessor.’

146 532 217 568 xvi.
249 531 399 580 Appius
419 533 540 568 maior
567 532 638 577 ille,
667 545 786 581 quum
812 541 988 581 ageretur
1012 534 1049 570 in
1077 539 1210 570 senatu
1240 533 1287 570 de
1310 532 1409 581 agris

89 597 249 646 publicis
270 604 307 634 et
327 597 374 634 de
394 597 477 645 lege
498 597 643 634 Thoria
669 604 705 634 et
734 605 971 646 premeretur
999 598 1165 636 Lucilius
1195 599 1243 635 ab
1272 598 1316 635 iis
1346 598 1410 647 qui

88 676 110 700 a
139 674 278 712 pecore
308 662 389 700 eius
417 662 571 711 depasci
602 675 715 711 agros
751 664 929 712 publicos
965 664 1145 708 dicerent,
1182 662 1297 700 ‘Non
1328 662 1408 708 est,’
1431 668 1471 702 70

86 729 219 778 inquit,
254 727 413 765 ‘Lucilii
448 740 567 776 pecus
602 728 715 766 illud:
756 728 937 766 erratisz'
982 729 1187 767 defendere
1222 728 1408 765 Lucilium

86 794 301 831 videbatur:
324 797 332 812 ‘
347 805 420 842 ego
442 794 603 831 liberum
624 800 718 843 puto
740 806 846 840 esse,
879 806 955 843 qua
975 795 1089 839 lubet,
1109 793 1300 843 pascitur!

140 860 224 896 xvii.
256 858 429 905 Crassus,
464 871 582 908 quum
618 859 789 896 laesisset
816 860 923 897 testis
953 859 1052 896 Silus
1083 859 1274 904 Pisonem,
1303 858 1408 908 quod

87 937 127 962 sc
157 925 195 961 in
225 937 313 962 eum
335 924 486 961 audisse
515 924 681 969 dixisset,
704 927 713 943 ‘
728 924 859 961 Potest
884 924 986 969 fieri,'
1010 924 1139 973 inquit,
1163 927 1171 943 ⁴
1189 923 1273 969 Sile,
1298 931 1339 960 ut
1365 924 1407 969 is,

86 989 186 1026 unde
208 996 243 1027 te
265 990 417 1027 audisse
438 989 542 1034 dicis,
565 989 680 1026 iratus
702 989 862 1026 dixerit.y
921 989 1066 1026 Annuit
1088 989 1197 1028 Silus.
1256 988 1408 1026 ‘Potest
1429 994 1466 1026 75

86 1056 211 1100 etiam,
232 1062 273 1092 ut
293 1061 333 1092 tu
353 1066 433 1092 non
459 1060 560 1091 recte
591 1054 845 1091 intellexeris.’
904 1054 951 1091 Id
981 1066 1136 1103 quoque
1165 1060 1245 1091 toto
1285 1054 1407 1104 capite

85 1121 226 1166 annuit,
257 1127 297 1157 ut
324 1132 364 1157 se
395 1118 536 1157 Crasso
562 1119 678 1156 daret.
737 1119 894 1156 ‘Potest
920 1119 1034 1155 etiam
1061 1116 1164 1164 fieri,’
1190 1119 1322 1167 inquit,
1344 1122 1407 1156 ‘ut

85 1186 256 1231 omnino,
287 1185 393 1234 quod
422 1192 458 1222 te
488 1184 640 1222 audisse
670 1184 776 1229 dicis,
807 1196 1021 1233 numquam
1052 1183 1238 1220 audieris.5
1316 1183 1407 1221 Hoc

84 1252 135 1288 ita
163 1257 311 1300 praeter
340 1250 668 1300 exspectationem
697 1249 845 1295 accidit,
877 1256 917 1286 ut
947 1255 1083 1286 testem
1112 1248 1286 1286 omnium
1311 1248 1407 1286 risus

86 1317 272 1354 obrueret,
1425 1313 1467 1344 80

139 1382 238 1421 xviii.
269 1381 315 1420 C.
354 1381 518 1426 Laelius,
559 1393 678 1430 quum
716 1380 750 1417 ei
790 1380 949 1429 quidam
984 1379 1086 1416 malo
1119 1390 1260 1428 genere
1294 1384 1406 1416 natus

85 1448 238 1493 diceret,
269 1447 469 1495 indignum
496 1458 580 1484 esse
612 1447 687 1484 suis
714 1446 935 1491 maioribus,
968 1445 1044 1482 ‘At
1072 1443 1247 1490 hercule,'
1271 1443 1405 1493 inquit,

85 1517 148 1550 ‘tu
169 1513 241 1550 tuis
263 1511 430 1561 dignus!

137 1579 213 1616 xix.
244 1578 299 1615 M.
330 1577 495 1623 Cincius,
531 1589 609 1626 quo
641 1576 701 1614 die
735 1576 861 1625 legem
896 1575 943 1612 de
977 1574 1088 1612 donis
1120 1580 1157 1611 et
1183 1573 1406 1611 muneribus

84 1646 176 1690 tulit,
198 1656 317 1694 quum
338 1642 384 1681 C.
407 1641 532 1681 Cento
554 1642 766 1691 prodiisset,
788 1648 825 1679 et
846 1641 936 1678 satis
956 1639 1246 1685 contumeliose,
1274 1642 1281 1658 ‘
1300 1639 1405 1685 Quid
1423 1643 1463 1683 85

84 1711 167 1756 fers,
204 1708 429 1747 Cinciole?’
477 1708 702 1757 quaesisset,
738 1705 815 1743 ‘Ut
838 1705 970 1751 emas,'
996 1705 1128 1754 inquit,
1156 1707 1164 1722 ‘
1183 1703 1263 1749 Cai,
1293 1703 1324 1741 si
1353 1703 1406 1740 uti

81 1775 195 1813 velis!

134 1854 196 1878 xx.
228 1840 376 1878 Censor
406 1838 589 1888 Lepidus,
620 1850 740 1888 quum
771 1837 825 1874 M.
848 1837 1016 1874 Antistio
1050 1835 1235 1886 Pyrgensi
1263 1847 1405 1885 equum

83 1906 288 1946 ademisset
307 1905 497 1955 amicique
525 1916 643 1953 quum
664 1903 960 1941 vociferarentur
987 1909 1024 1939 et
1054 1908 1289 1951 quaererent,
1314 1901 1404 1949 quid

80 1974 140 2010 ille
161 1972 256 2022 patri
277 1983 346 2009 suo
367 1970 629 2020 responderet,
660 1982 726 2007 cur
753 1968 977 2017 ademptum
999 1967 1068 2005 sibi
1090 1978 1231 2017 equum
1252 1966 1403 2010 diceret,
1423 1975 1464 2007 90

81 2051 201 2089 quum
221 2037 388 2087 optimus
409 2035 581 2081 colonus,
603 2035 861 2084 parcissimus,
883 2032 1202 2078 modestissimus,
1231 2030 1403 2079 frugalis-

81 2107 199 2142 simus
220 2108 332 2149 esset,
354 2105 362 2121 ‘
377 2100 444 2138 Me
465 2099 648 2146 istorum,'
670 2100 803 2149 inquit,
826 2101 834 2117 ⁴
851 2098 942 2135 nihil
965 2096 1142 2136 credere.’

605 2253 666 2286 13.
705 2216 737 2284 ΣΙ
774 2247 874 2285 Vz'sz‘l.

135 2369 180 2405 In
202 2368 228 2404 'l
241 2366 424 2404 usculano
448 2376 566 2415 quum
592 2376 729 2410 esseni,
751 2363 964 2411 vellemque
993 2375 1012 2399 e
1041 2360 1269 2399 bibliotheca
1296 2359 1403 2408 pueri
