1629 2553
145 124 191 162 14
488 120 733 152 EXTRACTS
762 120 897 151 FROM
927 120 1105 152 CICERO.

140 214 250 251 multi
295 214 376 252 dies
414 215 568 263 reperiri
606 220 779 263 possunt,
818 214 881 263 qui
920 212 982 250 tali
1017 213 1119 250 nocti
1149 213 1510 262 anteponantur?²5

138 280 197 316 cui
237 280 268 316 si
309 279 440 316 similis
478 279 601 316 sutura
639 285 695 316 est
732 279 962 328 perpetuitas
1009 278 1134 314 omnis
1183 278 1454 327 consequentis

138 344 330 392 temporis,
363 343 448 391 quis
476 355 538 380 me
568 343 739 380 beatior?
797 342 863 379 Sin
894 354 981 379 vera
1014 348 1101 379 sunt
1135 354 1233 391 quae
1267 342 1453 388 dicuntur,

137 408 405 456 migrationem
443 419 528 445 esse
566 413 729 444 mortem
768 407 807 443 in
845 419 909 444 eas
947 418 1046 452 oras,
1086 418 1181 455 quas
1219 407 1283 456 qui
1321 419 1342 444 e
1379 407 1454 444 vita

138 479 381 510 excesserunt
416 472 595 518 incolunt,
628 471 667 509 id
700 471 819 508 multo
854 472 928 508 iam
967 471 1112 508 beatius
1151 478 1216 517 est,
1251 478 1298 516 te,
1335 483 1453 521 quum

138 539 186 575 ab
220 538 263 575 iis
297 538 361 586 qui
395 549 436 575 se
472 537 638 574 iudicum
672 548 832 573 numero
865 536 996 573 haberi
1029 536 1159 573 volunt
1197 537 1370 581 evaseris,
1405 536 1454 572 ad
1474 543 1512 573 3⁶

139 615 206 640 eos
240 603 366 639 venire
400 602 463 651 qui
498 614 583 638 vere
617 601 761 638 iudices
795 601 1042 651 appellentur,
1078 600 1264 646 Minoem,
1298 600 1451 637 Rhada-

139 667 349 712 manthum,
388 667 572 711 Aeacum,
610 666 915 715 Triptolemum:
964 666 1244 715 convenireque
1283 676 1350 702 eos
1388 665 1454 714 qui

140 735 235 770 iuste
273 739 308 769 et
347 744 434 769 cum
473 731 546 768 fide
579 731 747 768 vixerint.
806 730 917 767 Haec
955 730 1211 778 peregrinatio
1251 730 1454 767 mediocris

140 798 247 835 vobis
267 796 383 834 videri
404 797 556 845 potest?
604 794 657 833 Ut
677 807 765 833 vero
790 795 954 843 colloqui
977 807 1063 832 cum
1085 794 1255 844 Orpheo,
1280 793 1454 840 Musaeo,

141 863 328 907 Homero,
349 861 524 899 Hesiodo
554 861 674 905 liceat,
703 860 833 909 quanti
863 860 1017 897 tandem
1047 860 1279 897 aestimatis?
1335 859 1451 908 Equi·
1473 868 1511 899 35

141 928 227 965 dem
263 939 376 976 saepe
410 926 540 971 emori,
576 926 606 962 si
640 925 717 963 fieri
751 932 893 974 posset,
924 925 1069 970 vellem,
1099 931 1140 961 ut
1169 936 1213 962 ea
1242 936 1339 973 quae
1368 924 1454 961 dico

141 991 231 1029 mihi
259 991 387 1029 liceret
415 991 593 1028 invenire.
651 990 806 1035 Quanta
840 989 1089 1027 delectatione
1122 996 1248 1026 autem
1278 989 1454 1034 afficerer,

141 1068 258 1107 quum
293 1056 549 1101 Palamedem,
582 1066 701 1104 quum
732 1055 903 1099 Aiacem,
939 1065 1057 1102 quum
1091 1053 1186 1091 alios
1219 1054 1358 1091 iudicio
1389 1054 1455 1090 ini-

141 1134 218 1171 quo
257 1121 537 1158 circumventos
575 1119 849 1157 convenirem?
919 1118 1128 1155 Tentarem
1166 1118 1279 1155 etiam
1317 1121 1455 1156 summi

141 1186 252 1235 regis,
287 1186 351 1234 qui
384 1185 570 1222 maximas
605 1184 737 1234 copias
772 1183 878 1220 duxit
910 1182 959 1220 ad
992 1182 1162 1228 Troiam,
1195 1190 1231 1220 et
1263 1182 1366 1220 Ulixi
1401 1184 1456 1222 Si·
1474 1195 1518 1225 40

142 1250 328 1300 syphique
367 1249 628 1299 prudentiam:
677 1261 749 1286 nec
783 1249 833 1286 ob
867 1260 951 1285 eam
985 1260 1076 1293 rem,
1112 1259 1230 1297 quum
1263 1248 1357 1286 haec
1391 1261 1456 1285 ex-

143 1316 342 1364 quirerem,
382 1315 478 1351 sicut
515 1314 575 1351 hic
614 1313 812 1358 faciebam,
852 1313 975 1362 capite
1015 1312 1225 1351 damnarer.
1290 1312 1351 1350 Ne
1389 1325 1457 1350 vos

144 1381 298 1430 quidem
337 1380 492 1425 iudices,
527 1380 550 1415 ii
589 1379 653 1427 qui
692 1391 753 1415 me
792 1378 1016 1424 absolvistis,
1050 1384 1213 1415 mortem
1251 1379 1456 1416 timueritis.

144 1445 227 1483 Nec
272 1445 375 1482 enim
414 1444 592 1493 cuiquam
630 1444 734 1480 bono
772 1443 861 1480 mali
899 1442 1109 1493 quidquam
1147 1443 1294 1480 evenire
1332 1450 1458 1492 potest

143 1523 215 1547 nec
235 1510 320 1547 vivo
347 1521 418 1546 nec
442 1516 605 1553 mortuo,
634 1520 705 1545 nec
733 1519 917 1556 umquam
947 1508 1026 1544 eius
1057 1520 1117 1545 res
1147 1520 1170 1545 a
1200 1507 1270 1545 diis
1302 1508 1456 1544 immor·
1474 1521 1516 1553 45

145 1575 280 1612 talibus
326 1573 576 1622 negligentur.
647 1572 730 1610 Nec
767 1572 859 1609 mihi
897 1573 968 1622 ipsi
1006 1572 1080 1609 hoc
1118 1573 1254 1610 accidit
1292 1572 1456 1610 fortuito.

145 1639 228 1677 Nec
261 1651 351 1676 vero
386 1650 460 1686 ego
494 1638 549 1683 iis,
584 1650 606 1674 a
639 1637 777 1686 quibus
811 1643 1011 1674 accusatus
1050 1648 1135 1674 sum
1169 1643 1232 1674 aut
1265 1649 1287 1674 a
1320 1637 1457 1686 quibus

145 1704 436 1748 condemnatus,
475 1702 599 1740 habeo
647 1702 753 1751 quod
801 1713 1059 1747 succenseam,
1097 1701 1168 1739 nisi
1216 1702 1320 1750 quod
1366 1700 1458 1738 mihi

145 1781 284 1806 nocere
319 1781 358 1805 se
393 1767 656 1805 crediderunt.'
713 1766 764 1803 Et
793 1766 888 1803 haec
918 1766 1072 1814 quidem
1100 1766 1174 1803 hoc
1202 1766 1333 1803 modo.
1390 1765 1458 1803 Ni-

144 1835 195 1871 hil
229 1840 357 1870 autem
390 1832 525 1869 melius
559 1838 751 1869 extremo:
787 1831 886 1868 ‘Sed
920 1838 1070 1880 tempus
1099 1830 1177 1876 est‚’
1207 1831 1338 1881 inquit,
1360 1831 1455 1868 ‘iam
1476 1845 1517 1877 50

144 1899 231 1935 hinc
270 1898 372 1934 abire
410 1909 472 1933 me
510 1903 550 1933 ut
587 1896 737 1942 moriar,
776 1907 843 1933 vos
882 1902 922 1932 ut
959 1896 1073 1933 vitam
1115 1896 1246 1945 agatis.
1319 1895 1457 1934 Utrum

144 1969 270 1999 autem
300 1962 345 1999 sit
372 1960 518 2005 melius,
548 1961 598 1997 dii
627 1961 860 1997 immortales
890 1960 1034 1997 sciunt:
1075 1960 1273 1997 hominem
1302 1960 1457 2009 quidem

144 2027 238 2064 scire
269 2026 427 2062 arbitror
455 2024 671 2062 neminem.'
729 2023 812 2061 Nae
842 2037 915 2074 ego
949 2024 1053 2062 haud
1085 2025 1213 2073 paullo
1242 2025 1345 2062 hunc
1375 2025 1457 2062 ani-

144 2102 250 2128 mum
288 2090 429 2135 malim,
465 2101 579 2138 quam
614 2100 745 2126 eorum
779 2089 951 2126 omnium
985 2089 1168 2135 fortunas,
1204 2090 1268 2139 qui
1301 2090 1349 2127 de
1382 2089 1457 2127 hoe

143 2155 411 2192 iudicaverunt.
480 2153 573 2199 Etsi,
605 2154 709 2203 quod
743 2160 890 2202 praeter
924 2154 1017 2191 deos
1051 2160 1166 2203 negat
1199 2155 1293 2192 scire
1326 2167 1456 2204 quem·
1475 2169 1514 2201 55
1542 2191 1545 2193 ,

143 2232 269 2268 quam,
309 2219 347 2256 id
388 2218 457 2256 scit
495 2218 587 2267 ipse,
624 2224 750 2255 utrum
789 2218 923 2255 melius
966 2219 1035 2255 sit:
1093 2230 1182 2255 nam
1225 2219 1318 2255 dixit
1359 2225 1457 2255 ante.

145 2284 221 2320 Sed
249 2295 359 2320 suum
387 2282 487 2328 illud,
509 2282 598 2319 nihil
627 2288 669 2319 ut
699 2282 868 2328 affirmet,
889 2288 992 2320 tenet
1019 2282 1068 2320 ad
1095 2290 1317 2320 extremum.
1374 2283 1459 2320 Nos

145 2355 271 2385 autem
303 2353 512 2392 teneamus,
542 2353 582 2384 ut
612 2347 701 2383 nihil
733 2359 956 2384 censeamus
987 2358 1069 2384 esse
1097 2346 1250 2393 malum,
1280 2347 1384 2397 quod
1414 2347 1460 2386 sit

1623 2103 1628 2115 -
1626 2054 1627 2058 „
1614 1790 1629 2035 sssskw—‘x‘sseffla'mz
1628 1743 1629 1746 „
