1629 2553
568 105 725 136 GREEK
754 104 1034 136 ANECDOTES.
1431 105 1451 145 7

141 195 423 235 Themistocles
443 203 499 235 est
518 204 650 235 auctor
669 198 933 244 adhibendus;
962 197 1024 247 qui
1046 208 1165 247 quum
1185 196 1454 241 consuleretur,

141 267 267 298 utrum
305 262 409 299 bono
440 262 520 299 viro
557 263 727 312 pauperi,
763 275 812 300 an
846 263 972 300 minus
1006 263 1170 311 probato
1203 261 1304 299 diviti
1338 261 1455 298 filiam

105 326 355 375 5collocaret,
395 326 506 376 ‘Ego
544 327 657 373 vero}
698 327 832 376 inquit,
872 327 1000 365 ‘malo
1038 327 1158 364 virum
1197 326 1262 376 qui
1293 326 1455 376 pecunia

141 398 262 440 egeat,
285 403 399 441 quam
420 392 623 441 pecuniam
644 404 742 442 quae
763 392 864 430 viro.’

651 546 714 579 10.
754 542 787 579 A
795 541 951 579 mbe'lz'on.

195 657 325 695 Noctu
345 656 565 694 ambulabat
586 655 624 693 in
644 656 799 705 publico
821 655 1113 702 Themistocles,
1143 656 1249 705 quod
1276 667 1456 694 somnum

139 734 276 772 capere
306 734 385 759 non
419 727 561 771 posset,
593 721 938 770 quaerentibusque
970 721 1239 771 respondebat,
1275 720 1456 759 Miltiadis

139 787 304 836 tropaeis
326 798 365 824 se
387 798 407 824 e
428 797 566 824 somno
588 786 770 824 suscitari.

649 929 704 963 11.
743 924 777 962 A
811 924 952 962 Relorl.

193 1054 477 1094 Themistocles
521 1054 636 1091 fertur
662 1053 837 1102 Seriphio
873 1051 1024 1090 cuidam
1065 1052 1103 1090 in
1142 1051 1264 1101 iurgio
1295 1066 1455 1105 respon·

139 1122 252 1167 disse,
280 1133 399 1170 quum
432 1120 491 1158 ille
525 1119 692 1166 dixisset,
727 1131 815 1156 eum
846 1130 926 1156 non
958 1130 1027 1155 sua
1061 1117 1128 1155 sed
1160 1119 1303 1166 patriae
1336 1121 1457 1170 gloria

140 1187 387 1238 splendorem
435 1192 664 1230 assecutum,
717 1183 838 1230 ‘Nec,
891 1183 1054 1229 hercule,
1091 1184 1120 1221 si
1150 1196 1225 1233 ego
1256 1184 1455 1235 Seriphius

140 1264 279 1297 essem,
300 1251 450 1298 nobilis,
472 1263 544 1289 nec
574 1256 625 1296 tu,
656 1250 687 1288 si
717 1249 964 1288 Atheniensis
999 1261 1112 1296 esses,
1140 1250 1263 1289 clarus
1282 1263 1455 1302 unquam

101 1325 118 1357 5
139 1315 298 1356 fuisses!

610 1458 673 1492 12.
716 1452 844 1503 Gyges’
864 1452 983 1502 Rz'ng.

197 1572 295 1610 Satis
324 1571 448 1616 nobis,
481 1570 511 1608 si
544 1569 664 1607 modo
696 1569 736 1606 in
762 1569 1009 1618 philosophia
1035 1568 1179 1619 aliquid
1209 1571 1456 1621 profecimus,

142 1649 367 1689 persuasum
406 1647 489 1674 esse
528 1635 653 1680 debet,
689 1635 720 1672 si
752 1645 889 1672 omnes
920 1634 1015 1672 deos
1046 1634 1301 1686 hominesque
1336 1639 1458 1677 celare

141 1704 346 1754 possimus,
368 1701 459 1739 nihil
488 1708 616 1738 tamen
649 1712 769 1746 avare,
806 1699 898 1737 nihil
934 1700 1084 1746 iniuste,
1119 1701 1209 1738 nihil
1243 1702 1457 1751 libidinose,

141 1769 233 1807 nihil
257 1767 538 1805 incontinenter
567 1777 651 1803 esse
678 1765 908 1803 faciendum.
966 1765 1070 1803 Hinc
1104 1765 1164 1804 ille
1194 1766 1326 1816 Gyges
1350 1769 1458 1807 indu-

105 1854 121 1885 5
142 1838 236 1875 citur
256 1847 279 1872 a
297 1834 456 1871 Platone
473 1844 481 1870 z
511 1832 587 1882 qui,
608 1844 727 1880 quum
747 1838 846 1869 terra
866 1832 1102 1869 discessisset
1125 1833 1276 1882 magnis
1303 1835 1458 1884 quibus-

142 1903 232 1940 dam
251 1899 447 1944 imbribus,
465 1897 661 1935 descendit
681 1898 719 1934 in
739 1897 843 1934 illum
864 1897 1021 1943 hiatum,
1043 1909 1284 1948 aeneumque
1304 1912 1456 1949 equum,

141 1975 183 2006 ut
224 1966 349 2005 ferunt
391 1964 552 2009 fabulae,
593 1963 868 2006 animadvertit,
916 1964 1022 2001 cuius
1062 1965 1101 2001 in
1139 1963 1317 2003 lateribus
1356 1965 1458 2005 fores

141 2039 294 2073 essent:
323 2031 461 2081 quibus
483 2029 633 2079 apertis,
660 2029 828 2067 hominis
855 2030 996 2067 mortui
1025 2029 1116 2068 vidit
1145 2042 1285 2080 corpus
1308 2034 1458 2083 magni-

140 2101 271 2140 tudine
291 2097 478 2141 inusitata‚
496 2095 731 2145 anulumque
758 2107 916 2132 aureum
945 2095 985 2132 in
1009 2096 1151 2144 digito:
1181 2109 1298 2146 quem
1324 2104 1365 2136 ut
1392 2099 1457 2137 de-

89 2182 124 2205 ιο
140 2167 264 2212 traxit,
293 2165 375 2214 ipse
404 2162 534 2208 induit,
567 2164 662 2208 (erat
691 2167 818 2199 autern
842 2161 968 2211 regius
997 2164 1158 2211 pastor),
1187 2169 1268 2200 tum
1298 2164 1336 2201 in
1366 2177 1457 2203 con-

142 2233 270 2271 cilium
299 2242 340 2268 se
369 2235 567 2278 pastorum
596 2227 749 2276 recepit.
806 2225 864 2264 Ibi
894 2238 1012 2275 quum
1039 2227 1166 2277 palam
1187 2228 1267 2267 eius
1288 2230 1389 2267 anuli
1409 2231 1458 2269 ad

142 2299 311 2347 palmam
341 2299 588 2335 converterat,
618 2305 640 2330 a
668 2292 771 2330 nullo
802 2291 1008 2338 videbatur,
1048 2293 1130 2342 ipse
1162 2281 1290 2331 autem
1328 2296 1458 2335 omnia

143 2365 313 2407 videbat:
356 2361 459 2398 idem
497 2371 625 2397 rursus
658 2358 865 2403 videbatur,
899 2369 1018 2408 quum
1056 2357 1095 2395 in
1133 2357 1262 2396 locum
1301 2361 1457 2399 anulum
