1629 2553
596 104 754 136 GREEK
783 102 1067 135 ANEC'DOTES.
1438 102 1489 144 25

173 198 392 237 concionari
412 211 459 236 ex
479 197 569 236 turri
588 197 663 235 alta
683 196 839 235 solebat.
898 196 1025 245 Atque
1055 195 1086 232 is
1115 206 1233 244 quum
1261 193 1337 243 pila
1362 193 1490 232 ludere

173 263 283 302 vellet
322 261 510 312 (studiose
550 262 652 300 enim
695 261 734 299 id
777 260 987 308 factitabat)
1031 260 1276 308 tunicamque
1319 266 1490 308 poneret,

173 328 460 367 adolescentulo
479 328 679 366 tradidisse
699 327 869 376 gladium
889 326 1034 363 dicitur.
1092 325 1169 363 Hic
1189 337 1308 374 quum
1335 325 1490 374 quidam

115 404 154 435 35
174 393 365 432 familiaris
398 394 531 431 iocans
565 393 731 438 dixisset,
767 391 893 428 ‘Huic
931 391 1086 441 quidem
1115 397 1216 429 certe
1244 392 1358 428 vitam
1387 398 1490 428 tuam

173 458 402 505 committis‚’
432 458 692 507 arrisissetque
724 457 962 502 adolescens,
996 461 1200 505 utrumque
1240 456 1345 493 iussit
1379 456 1490 493 inter-

172 524 244 571 fici,
279 524 449 569 alterum,
490 524 578 573 quia
618 523 717 560 viam
756 522 1094 560 demonstravisset
1131 522 1373 559 interimendi
1412 523 1489 567 sui;

172 590 343 635 alterurn,
365 590 453 639 quia
473 589 616 627 dictum
636 588 674 626 id
694 589 771 626 risu
796 588 1096 637 approbavisset.
1154 588 1285 635 Atque
1314 599 1361 624 eo
1391 587 1491 625 facto

173 655 227 693 sic
255 655 384 700 doluit,
414 654 505 691 nihil
534 660 574 691 ut
604 654 725 691 tulerit
753 653 904 702 gravius
933 653 972 689 in
1002 652 1083 689 vita.
1143 652 1206 689 Sic
1236 651 1493 690 distrahuntur

114 734 156 765 40
172 720 212 758 in
246 720 454 758 contrarias
488 726 614 769 partes
646 719 916 768 impotentium
948 717 1184 767 cupiditates.
1243 716 1376 763 Quum
1405 718 1493 757 huic

174 787 378 823 obsecutus
400 786 462 832 sis,
483 785 533 822 illi
553 790 610 822 est
630 784 935 833 repugnandum.
986 782 1235 833 Quamquam
1255 782 1317 820 hic
1338 783 1492 832 quidem

173 859 354 900 tyrannus
391 852 473 900 ipse
512 850 690 888 indicavit
728 861 844 899 quam
882 856 982 886 esset
1020 849 1162 886 beatus.
1231 847 1335 886 Nam
1373 861 1492 898 quum

173 916 329 966 quidam
353 929 400 954 ex
430 917 509 954 eius
539 916 838 953 assentatoribus
867 914 1078 952 Damocles
1108 922 1429 952 commemoraret
1455 915 1493 952 in

173 994 351 1020 sermone
385 983 518 1031 copias
553 982 646 1027 eius,
681 993 788 1030 opes,
823 981 1061 1018 maiestatem
1100 980 1331 1025 dominatus,
1368 993 1492 1019 rerum

77 1068 82 1071 ·
114 1063 152 1094 45
173 1048 459 1093 abundantiam,
489 1047 815 1096 magnificentiam
844 1046 997 1084 aedium
1030 1047 1231 1096 regiarum,
1261 1054 1493 1097 negaretque

172 1126 355 1164 umquam
384 1114 595 1151 beatiorem
622 1125 856 1162 quemquam
880 1111 1018 1149 fuisse:
1040 1114 1048 1130 ‘
1064 1110 1184 1150 Visne
1205 1111 1339 1161 igitur,'
1362 1113 1492 1163 inquit,

174 1180 394 1226 ‘Damocle,
434 1179 617 1230 quoniam
653 1179 748 1216 haec
785 1185 821 1216 te
859 1178 934 1215 vita
976 1176 1148 1223 delectat,
1191 1178 1273 1227 ipse
1316 1179 1494 1217 eamdem

173 1247 374 1296 degustare
395 1251 432 1282 et
452 1245 642 1282 fortunam
663 1243 823 1293 experiri
842 1255 969 1280 meam
982 1240 1012 1280 ?'
1062 1242 1195 1289 Quum
1216 1255 1256 1281 se
1275 1243 1335 1281 ille
1355 1256 1494 1294 cupere

173 1312 340 1356 dixisset,
363 1310 541 1348 collocari
565 1309 672 1347 iussit
696 1309 894 1346 hominem
924 1309 962 1345 in
992 1320 1108 1346 aureo
1135 1308 1245 1354 lecto,
1268 1315 1386 1346 strato
1410 1310 1493 1359 pul-

113 1389 153 1420 50
173 1376 356 1414 cherrime
386 1375 503 1413 textili
533 1374 714 1423 stragulo,
743 1374 957 1423 magnificis
987 1374 1167 1422 operibus
1196 1374 1312 1423 picto,
1333 1375 1492 1413 abacos-

172 1454 247 1491 que
277 1441 495 1490 complures
525 1440 667 1478 ornavit
697 1445 856 1488 argento
887 1450 1056 1488 auroque
1095 1438 1253 1477 caelato.
1309 1438 1415 1477 Tum
1445 1440 1493 1478 ad

171 1519 346 1545 mensam
374 1506 512 1543 eximia
538 1505 663 1543 forma
686 1516 827 1553 pueros
849 1504 1018 1541 delectos
1038 1504 1146 1542 iussit
1166 1503 1388 1551 consistere,
1409 1517 1492 1543 eos-

171 1584 246 1622 que
280 1579 416 1609 nutum
449 1571 546 1608 illius
579 1571 770 1607 intuentes
804 1569 1004 1618 diligenter
1041 1569 1265 1606 ministrare.
1321 1569 1493 1608 Aderant

170 1643 378 1686 unguenta,
400 1648 587 1674 coronae:
621 1634 924 1673 incendebantur
953 1634 1116 1672 odores:
1150 1646 1307 1671 mensae
1334 1636 1492 1684 conqui-

111 1719 151 1750 55
171 1702 357 1741 sitissimis
397 1701 518 1750 epulis
556 1701 855 1739 exstruebantur.
915 1699 1145 1737 Fortunatus
1180 1700 1251 1737 sibi
1284 1700 1492 1738 Damocles

169 1768 376 1805 videbatur.
445 1767 492 1804 In
525 1767 600 1804 hoc
634 1766 763 1803 medio
797 1772 984 1814 apparatu
1014 1765 1226 1814 fulgentem
1259 1766 1440 1815 gladium,
1471 1780 1492 1806 e

169 1834 337 1871 lacunari
371 1841 451 1870 seta
485 1833 625 1881 equina
663 1839 806 1881 aptum,
841 1831 986 1869 demitti
1024 1832 1141 1878 iussit,
1175 1838 1217 1869 ut
1255 1833 1492 1882 impenderet

169 1899 265 1936 illius
295 1899 393 1936 beati
426 1899 645 1936 cervicibus.
702 1898 836 1948 Itaque
868 1910 940 1935 nec
974 1897 1155 1948 pulchros
1190 1898 1273 1936 illos
1303 1900 1490 1938 ministra-

168 1971 271 2002 tores
305 1964 512 2013 aspiciebat
545 1976 616 2001 nec
649 1964 806 2013 plenum
844 1965 933 2001 artis
971 1971 1183 2012 argentum,
1222 1976 1294 2001 nec
1333 1977 1492 2002 manum

111 2038 151 2069 60
169 2030 385 2080 porrigebat
412 2029 451 2066 in
478 2041 652 2067 mensam
667 2042 678 2076 ;
712 2030 789 2067 iam
819 2030 925 2079 ipsae
956 2029 1174 2067 defluebant
1204 2042 1390 2069 coronae:
1425 2032 1490 2069 de-

169 2096 285 2144 nique
314 2095 484 2132 exoravit
513 2101 728 2144 tyrannum,
758 2101 799 2132 ut
828 2096 931 2133 abire
961 2095 1098 2141 liceret,
1121 2095 1226 2144 quod
1254 2097 1330 2132 iam
1359 2097 1491 2134 beatus

170 2161 286 2198 nollet
332 2172 426 2198 esse.
505 2159 655 2198 Satisne
694 2161 840 2198 videtur
887 2161 1101 2199 declarasse
1139 2161 1359 2210 Dionysius,
1398 2162 1523 2210 nihil¹

169 2239 251 2264 esse
278 2227 311 2263 ei
342 2227 508 2272 beatum,
529 2226 589 2263 cui
613 2239 765 2276 semper
791 2227 904 2277 aliqui
927 2233 1044 2264 terror
1063 2227 1307 2276 impendeat?
1364 2228 1491 2277 Atque

169 2293 203 2329 ei
241 2304 289 2329 ne
327 2292 518 2339 integrum
557 2292 713 2341 quidem
751 2299 840 2338 erat,
876 2291 917 2329 ut
955 2292 1004 2329 ad
1040 2292 1218 2330 iustitiam
1257 2292 1489 2340 remigraret,

111 2362 148 2402 65
170 2357 314 2394 civibus
344 2356 557 2394 libertatern
589 2364 625 2395 et
651 2357 732 2395 iura
758 2358 953 2396 redderet:
988 2358 1033 2396 iis
1060 2358 1164 2396 enim
1194 2370 1235 2396 se
1265 2357 1490 2396 adolescens
