1629 2553
162 114 208 154 18
508 125 752 156 EXTRACTS
780 125 914 157 FRoM
945 127 1120 157 CICERO.

156 229 178 253 a
209 217 280 255 dea
319 217 464 262 dicitur,
503 224 544 254 ut
583 218 651 255 illis
691 218 903 267 praemium
936 219 1042 257 daret
1081 231 1150 268 pro
1185 219 1334 268 pietate,
1368 217 1473 268 quod
1496 228 1532 250 ¹0

156 283 366 320 maximum
398 282 543 319 homini
575 283 655 320 dari
687 290 819 332 posset
852 296 874 321 a
905 284 1000 321 deo:
1049 290 1137 333 post
1174 283 1346 332 epulatos
1385 294 1473 320 cum

156 355 275 385 matre
310 347 574 385 adolescentes
598 359 738 385 somno
769 360 809 385 se
841 348 1014 386 dedisse:
1045 360 1159 386 mane
1188 348 1362 385 inventos
1389 358 1473 385 esse

157 419 340 450 mortuos.
419 411 538 448 Simili
573 412 796 462 precatione
824 412 1077 461 Trophonius
1107 418 1144 449 et
1173 411 1393 462 Agamedes
1416 411 1475 448 usi

158 477 340 522 dicuntur,
372 476 447 525 qui,
476 488 596 526 quum
627 476 797 526 Apollini
832 477 993 526 Delphis
1028 477 1214 526 templum
1247 477 1473 515 exaedifica-

157 543 309 587 vissent,
331 548 554 579 venerantes
585 542 712 587 deum,
743 542 933 591 petierunt
962 542 1179 580 mercedem
1210 555 1289 580 non
1318 553 1475 592 parvam
1497 549 1534 581 Ῐ5

157 608 311 656 quidem
353 608 479 656 operis
519 614 555 644 et
594 607 735 645 laboris
775 608 842 653 sui,
879 608 969 644 nihil
1004 608 1105 654 certi,
1139 608 1207 646 sed
1238 608 1343 658 quod
1377 613 1476 645 essct

157 673 347 721 optimum
378 672 536 709 homini.
596 672 747 718 Quibus
774 672 915 722 Apollo
951 685 991 710 se
1025 673 1063 710 id
1099 673 1274 710 daturum
1310 672 1478 710 ostendit

157 745 245 787 post
265 738 345 775 eius
366 737 438 774 diei
460 737 560 774 diem
583 737 748 774 tertium:
777 739 841 787 qui
862 744 901 775 ut
924 738 1053 784 illuxit,
1067 738 1205 775 mortui
1227 744 1314 775 sunt
1329 738 1476 786 reperti.

159 803 390 841 ludicavisse
422 802 537 840 deum
567 802 709 848 dicunt,
740 809 776 839 ct
807 815 894 840 eum
926 804 1080 853 quidem
1103 804 1230 849 deum,
1252 803 1311 840 cui
1344 802 1477 852 reliqui

159 868 208 905 dii
248 868 540 913 concessissent,
581 874 620 904 ut
658 875 805 917 praeter
850 874 996 906 ceteros
1043 868 1236 906 divinaret.
1312 867 1478 905 Affertur
1499 879 1538 901 20

159 933 273 970 ctiam
296 934 342 971 de
365 933 494 970 Sileno
516 932 652 969 fabella
682 933 883 982 quaedam,
912 934 976 983 qui
1010 946 1128 983 quum
1156 947 1178 971 a
1204 932 1314 970 Mida
1342 939 1478 982 captus

159 1004 267 1041 esset,
302 999 375 1036 hoc
410 998 443 1035 ei
481 997 650 1035 muneris
684 1010 754 1047 pro
788 1010 857 1035 sua
890 998 1073 1036 missione
1109 999 1258 1036 dedisse
1293 998 1477 1043 scribitur,

159 1065 338 1103 docuisse
366 1076 509 1113 regem,
549 1076 629 1101 non
667 1064 771 1101 nasci
811 1064 956 1101 homini
994 1064 1110 1113 longe
1149 1064 1339 1113 optimum
1381 1075 1478 1108 esse,

159 1131 378 1180 proximum
408 1136 546 1175 autem,
568 1141 683 1178 quam
714 1129 879 1179 primum
909 1130 1018 1167 mori.
1090 1129 1178 1175 Qua
1207 1135 1264 1167 est
1294 1130 1480 1168 sententia

160 1197 197 1233 in
218 1195 459 1245 Cresphonte
481 1207 572 1233 usus
593 1195 819 1245 Euripides:
1501 1207 1538 1239 25

420 1283 500 1312 Nam
526 1293 579 1312 nos
603 1283 736 1317 decebat,
760 1289 863 1312 coetus
888 1283 1071 1317 celebrantis,
1097 1283 1222 1312 domum

421 1339 546 1378 Lugere,
571 1338 619 1367 nbi
644 1344 717 1367 esset
742 1338 846 1377 aliquis
871 1338 900 1366 in
926 1338 1022 1367 lucem
1047 1338 1153 1371 editus,

422 1394 580 1422 Humanae
605 1393 685 1422 vitae
710 1393 791 1422 varia
816 1394 980 1431 reputantis
1005 1394 1104 1422 mala:

422 1448 472 1483 At,
498 1449 548 1487 qui
573 1448 687 1478 labores
712 1454 809 1477 morte
833 1448 943 1478 finisset
968 1448 1075 1488 gravis,

423 1503 509 1532 Hunc
532 1503 614 1532 omni
640 1503 751 1532 amicos
776 1502 861 1532 laude
885 1508 914 1532 ct
939 1503 1052 1533 laetitia
1078 1503 1208 1541 exsequi.
1502 1512 1542 1543 30

163 1593 291 1630 Simile
323 1592 506 1642 quiddam
537 1598 593 1629 est
623 1591 661 1628 in
691 1591 955 1629 consolatione
986 1591 1192 1628 Crantoris.
1271 1591 1335 1628 Ait
1365 1592 1480 1636 enim,

163 1658 397 1696 Terinaeum
427 1657 635 1705 quemdam
666 1656 837 1702 Elisium,
869 1669 987 1705 quum
1022 1657 1183 1706 graviter
1225 1656 1287 1693 filii
1318 1664 1480 1694 mortem

162 1730 356 1769 maereret,
372 1724 521 1760 venisse
543 1723 580 1759 in
598 1722 948 1772 Psychomantium,
964 1729 1211 1772 quaerentem
1233 1735 1329 1771 quae
1352 1723 1482 1760 suisset

161 1796 286 1828 tantae
316 1788 540 1826 calamitatis
575 1800 698 1825 causa.
781 1787 883 1826 Huic
914 1788 951 1825 in
983 1788 1129 1826 tabellis
1159 1794 1233 1825 tres
1263 1787 1480 1826 huiusmodi

160 1853 366 1892 versiculos
387 1853 499 1890 datos
517 1865 523 1889 :
1263 1885 1269 1890 .
1502 1876 1539 1908 35

422 1940 535 1981 Ignaris
559 1939 696 1970 homines
720 1939 749 1968 in
775 1940 836 1970 vita
860 1941 1010 1970 mentibus
1035 1947 1143 1970 errant.

422 1994 600 2034 Euthynous
625 1995 737 2032 potitur
763 1995 892 2024 satorum
917 1995 1039 2024 numine
1065 1995 1134 2026 leto,

422 2049 468 2078 Sic
492 2049 547 2079 fuit
571 2049 670 2078 utilius
694 2048 768 2077 finiri
794 2049 907 2088 ipsique
932 2049 1054 2087 tibique.

162 2128 235 2165 His
265 2134 301 2165 et
330 2126 465 2165 talibus
493 2127 711 2164 auctoribus
741 2126 808 2172 usi,
838 2127 1067 2164 confirmant
1109 2138 1262 2164 causam
1307 2127 1419 2164 rebus
1459 2139 1481 2164 a

162 2194 233 2231 diis
272 2193 549 2230 immortalibus
592 2192 806 2230 iudicatam.
884 2192 1102 2229 Alcidamas
1144 2192 1311 2241 quidam,
1353 2192 1481 2229 rhetor
1498 2200 1541 2230 40

163 2259 339 2307 antiquus
386 2258 424 2295 in
473 2259 601 2308 primis
649 2258 798 2304 nobilis,
850 2258 998 2307 scripsit
1052 2258 1163 2294 etiam
1221 2257 1477 2295 laudationem

163 2324 305 2368 mortis,
328 2336 425 2373 quae
446 2330 596 2361 constat
618 2337 663 2361 ex
686 2323 972 2361 enumeratione
994 2321 1251 2360 humanorum
1282 2322 1481 2360 malorum.

163 2390 236 2427 Cui
266 2389 431 2427 rationes
460 2402 527 2427 eae
557 2402 655 2435 quac
683 2388 906 2438 exquisitius
936 2401 958 2425 a
985 2387 1224 2437 philosophis
1254 2387 1482 2436 colliguntur
