1629 2553
577 103 736 134 GREEK
764 102 1048 134 ANECDOTES.
1418 107 1471 150 15

156 209 179 235 a
207 204 341 235 natura
367 197 496 234 datum
528 196 719 242 omnibus,
748 195 1087 245 intelligamusque,
1122 196 1151 233 si
1190 207 1293 234 mors
1326 196 1468 234 malum

94 268 135 299 60
157 261 214 308 sit,
252 273 336 299 esse
369 262 643 310 sempiternum
681 260 836 298 malum.
909 259 1011 298 Nam
1045 261 1141 298 vitae
1173 261 1332 298 miserae
1366 273 1470 299 mors

152 325 239 363 finis
268 338 352 363 esse
381 326 552 372 videtur;
586 337 691 363 mors
726 326 756 363 si
790 332 846 363 est
878 326 1026 371 misera,
1058 326 1232 363 miseriae
1266 326 1352 363 finis
1386 338 1468 363 esse

152 390 275 428 nullus
304 397 442 440 potest.
501 390 577 428 Sed
615 391 707 440 quid
738 402 812 439 ego
848 389 1044 428 Socratem
1076 397 1139 427 aut
1171 390 1466 437 Theramenem,

152 461 388 504 praestantes
417 456 517 493 viros
546 456 690 493 virtutis
719 461 756 493 et
790 456 997 504 sapientiae
1031 454 1161 503 gloria,
1190 467 1466 502 commemoro,

152 531 272 570 quum
310 519 640 558 Lacedaemonius
678 521 846 570 quidam,
887 520 993 557 cuius
1031 532 1080 557 ne
1119 532 1264 557 nomen
1312 521 1468 570 quidem

93 587 131 628 65
152 585 344 634 proditum
376 591 444 630 est,
477 592 641 623 mortem
670 591 776 623 tanto
807 597 923 634 opere
952 585 1235 634 contempserit,
1265 592 1315 631 ut,
1349 597 1469 634 quum

151 649 200 685 ad
237 660 324 686 eam
363 649 563 687 duceretur
605 650 807 688 damnatus
850 650 898 686 ab
940 649 1116 698 Ephoris,
1155 656 1192 687 et
1230 656 1330 687 esset
1367 651 1469 687 vultu

153 713 259 750 hilari
279 720 392 763 atque
413 714 522 760 laeto,
545 714 779 765 dixissetque
808 715 841 752 ei
871 714 1027 764 quidam
1056 714 1243 761 inimicus,
1261 714 1468 753 ‘Contem-

151 779 261 816 nisne
281 779 385 828 leges
406 779 570 828 Lycurgi
585 780 598 816 ?
611 778 621 793 '
654 780 917 829 responderit:
950 779 1059 827 ‘Ego
1079 790 1169 816 vero
1189 780 1239 816 illi
1260 781 1467 818 maximam

150 844 310 892 gratiam
339 843 476 890 habeo,
517 845 582 893 qui
620 857 682 882 me
721 857 766 882 ea
804 856 932 893 poena
970 843 1191 889 multaverit,
1231 856 1347 894 quarn
1385 838 1467 882 sine

94 918 133 951 70
150 905 387 942 mutuatione
417 913 454 942 et
484 907 565 944 sine
600 918 752 944 versura
785 917 941 955 possem
974 905 1201 943 dissolvere!
1273 906 1309 944 O
1347 907 1468 944 virum

151 970 288 1019 Sparta
321 970 503 1019 dignum!
551 979 591 1009 ut
629 971 722 1008 mihi
763 971 918 1020 quidem
950 971 1014 1019 qui
1048 977 1125 1008 tam
1158 982 1303 1020 magno
1337 972 1466 1009 animo

151 1033 259 1072 suerit
291 1035 478 1074 innocens
510 1037 712 1075 damnatus
744 1049 827 1074 esse
866 1035 1044 1073 videatur.
1121 1034 1237 1073 Tales
1274 1037 1468 1074 innumer-

151 1099 268 1137 abiles
305 1107 437 1138 nostra
476 1102 605 1139 civitas
642 1101 733 1139 tulit.
812 1101 888 1138 Sed
926 1101 1017 1150 quid
1057 1101 1174 1138 duces
1211 1108 1248 1138 et
1277 1102 1467 1150 principes

150 1164 357 1211 nominem,
398 1178 518 1215 quum
554 1166 726 1215 legiones
766 1166 904 1204 scribat
947 1165 1046 1203 Cato
1088 1177 1203 1214 saepe
1249 1165 1391 1203 alacres
1430 1167 1467 1203 in

93 1237 130 1268 75
152 1240 240 1266 eum
268 1229 396 1268 locum
425 1231 615 1280 profectas
644 1231 747 1269 unde
776 1231 961 1269 redituras
991 1243 1031 1268 se
1060 1242 1141 1268 non
1170 1231 1466 1269 arbitrarentur?

150 1293 236 1331 Pari
267 1295 396 1333 animo
435 1296 733 1334 Lacedaemonii
772 1296 810 1333 in
849 1295 1120 1345 Thermopylis
1157 1295 1390 1343 occiderunt,
1430 1297 1467 1334 in

150 1370 247 1408 quos
269 1359 486 1400 Simonides
506 1375 514 1399 ε

395 1438 453 1468 Dic
476 1437 584 1476 hospes
607 1437 738 1476 Spartae,
762 1447 815 1466 nos
838 1442 869 1467 te
893 1436 942 1466 hic
965 1437 1071 1466 vidisse
1095 1436 1232 1472 iacentes,

444 1493 525 1522 Dum
549 1493 656 1522 sanctis
679 1492 795 1531 patriae
820 1491 934 1533 legibus
958 1491 1160 1530 obsequimur.

92 1578 133 1609 80
151 1572 257 1620 Quid
278 1571 338 1609 ille
362 1570 439 1608 dux
465 1568 660 1607 Leonidas
686 1569 805 1607 dicit?
863 1567 1035 1618 ‘Pergite
1064 1569 1192 1607 animo
1221 1568 1318 1615 forti,
1348 1568 1468 1607 Lace-

151 1637 370 1675 daemonii:
411 1635 527 1673 hodie
560 1634 663 1683 apud
693 1633 835 1671 inferos
866 1632 1026 1671 fortasse
1058 1634 1327 1672 caenabimus.’
1384 1634 1469 1672 Fuit

150 1703 246 1740 haec
278 1713 375 1751 gens
409 1699 528 1745 fortis,
558 1699 650 1736 dum
683 1697 852 1748 Lycurgi
882 1697 987 1746 leges
1020 1698 1208 1748 vigebant.
1265 1698 1299 1736 E
1332 1700 1469 1748 quibus

150 1779 260 1812 unus,
291 1777 410 1816 quum
448 1764 583 1801 Perses
621 1764 742 1802 hostis
779 1763 818 1800 in
857 1763 1051 1813 colloquio
1092 1763 1248 1801 dixisset
1289 1763 1468 1812 glorians,

151 1831 304 1869 ‘Solem
333 1841 424 1879 prae
453 1828 663 1866 iaculorum
692 1828 930 1867 multitudine
960 1835 997 1865 et
1025 1828 1247 1876 sagittarum
1267 1839 1347 1865 non
1366 1828 1468 1865 vide-

92 1905 131 1946 85
151 1896 262 1942 bitis‚'
283 1898 292 1915 ‘
308 1896 356 1933 In
384 1894 522 1931 umbra
549 1894 685 1942 igitur‚’
706 1894 838 1943 inquit,
860 1890 1166 1943 ‘pugnabimus'
1222 1892 1338 1930 Viros
1363 1904 1468 1930 com-

150 1971 335 1999 memoro.
405 1958 539 2005 Qualis
568 1959 724 1997 tandem
754 1958 960 1996 Lacaena?
1008 1969 1106 2006 quae
1136 1969 1255 2007 quum
1283 1957 1402 1994 filium
1430 1958 1468 1994 in

150 2025 335 2075 praelium
365 2024 542 2070 misisset,
577 2029 614 2061 et
644 2023 885 2061 interfectum
908 2022 1088 2068 audisset,
1109 2021 1304 2068 ‘Idcirco,’
1335 2022 1466 2071 inquit,

152 2094 161 2110 ‘
176 2101 397 2140 genueram,
417 2094 459 2126 ut
487 2094 589 2126 esset
616 2088 681 2138 qui
711 2100 783 2138 pro
813 2088 935 2137 patria
968 2091 1132 2124 mortem
1166 2098 1247 2123 non
1281 2086 1469 2124 dubitaret

150 2154 401 2194 occumbere!
475 2152 596 2191 Esto:
653 2152 768 2191 fortes
806 2159 843 2190 et
879 2151 962 2189 duri
1002 2151 1238 2201 Spartiatae:
1285 2162 1468 2199 magnam

92 2237 134 2268 90
151 2219 268 2257 habet
295 2219 372 2256 vim
400 2218 629 2268 reipublicae
651 2216 859 2265 disciplina.
904 2215 1043 2261 Quid?
1091 2214 1334 2264 Cyrenaeum
1364 2215 1467 2253 The-

152 2285 328 2330 odorum,
365 2282 640 2333 philosophum
685 2293 766 2319 non
810 2280 1029 2330 ignobilem,
1076 2292 1207 2317 nonne
1252 2280 1467 2318 miramur?

153 2351 213 2390 cui
242 2363 361 2402 quum
385 2348 638 2400 Lysimachus
661 2359 726 2386 rex
751 2359 903 2385 crucem
927 2346 1146 2402 minaretur,
1168 2349 1176 2364 ‘
1190 2344 1277 2382 Istis
1298 2346 1466 2395 quaesQ’
