1629 2553
631 99 805 131 ROMAN
832 99 1118 132 ANECDOTES.
1480 102 1533 146 77

629 334 697 370 24.
736 330 771 369 A
804 331 959 381 dzfficull
984 331 1110 370 Pot'nt,

259 478 442 518 Definitio
471 487 538 526 est,
569 492 688 530 quum
718 480 757 517 in
787 480 928 529 scripto
959 480 1117 517 verbum
1149 479 1307 529 aliquod
1339 486 1395 517 est
1427 479 1530 528 posi-

207 550 298 589 tum,
320 545 427 582 cuius
449 545 496 582 de
517 545 551 582 vi
571 545 774 594 quaeritur,
796 544 870 582 hoc
894 544 1014 582 modo
1033 557 1040 581 :
1071 543 1176 581 Lex:
1207 556 1272 587 Qur
1297 556 1336 581 m
1360 556 1532 581 ADVERSA

206 621 455 647 TEMPESTATE
487 622 609 648 NAvnvr
643 621 915 655 RELIQUERm‘r,
947 621 1071 648 omnm
1105 621 1363 656 AMITTUNT03
1399 620 1531 648 EORUM

205 686 317 711 NAvrs
355 687 404 712 ET
445 687 572 712 ONERA
614 687 749 720 sumo,
789 686 855 717 ουκ
895 686 934 712 IN
974 686 1066 712 NAvr
1101 686 1385 712 REMANSERINT.
1442 674 1532 712 Duo

167 754 183 785 5
206 739 372 789 quidam,
411 752 530 789 quum
574 740 650 777 iam
693 739 732 776 in
775 739 851 777 alto
895 738 1127 788 navigarent,
1167 746 1203 776 et
1242 752 1359 789 quum
1398 751 1532 777 eorum

206 804 356 841 alterius
395 805 502 842 navis
548 805 700 842 alterius
747 816 846 841 onus
894 810 1004 848 esset,
1045 803 1276 853 naufragum
1324 804 1531 854 quemdam

206 875 401 906 natantem
440 876 477 906 et
516 881 654 907 manus
700 868 750 906 ad
797 881 838 906 se
886 868 1108 906 tendentem
1157 868 1531 914 animadverterunt3

207 934 464 972 misericordia
499 934 683 972 commoti
713 934 841 971 navim
871 933 919 971 ad
949 945 1037 970 eum
1077 933 1372 982 applicaverunt,
1407 933 1530 971 homi-

207 1011 297 1036 nem
335 999 384 1037 ad
424 1011 464 1036 se
503 999 745 1037 sustulerunt.
816 998 958 1036 Postea
997 998 1190 1048 aliquanto
1230 999 1338 1048 ipsos
1377 1011 1534 1050 quoque

152 1077 190 1100 10
208 1070 415 1113 tempestas
445 1064 705 1102 vehementius
735 1065 873 1101 iactare
904 1064 1041 1113 coepit,
1062 1075 1185 1113 usque
1214 1064 1312 1101 adeo
1339 1071 1380 1102 ut
1410 1064 1533 1102 dorni-

208 1142 281 1168 nus
315 1131 431 1176 navis,
465 1143 584 1180 quum
618 1131 720 1168 idem
753 1131 986 1179 gubernator
1016 1136 1126 1176 esset,
1154 1130 1193 1167 in
1224 1130 1408 1180 scapham
1443 1142 1533 1168 con-

209 1194 356 1244 fugeret
393 1203 430 1233 et
467 1196 556 1234 inde
594 1195 776 1241 funiculo,
811 1196 876 1245 qui
916 1208 937 1233 a
976 1195 1097 1244 puppi
1136 1195 1315 1244 religatus
1350 1195 1533 1245 scapham

210 1272 400 1298 annexam
434 1260 617 1307 trahebat,
652 1261 790 1306 navim,
826 1260 956 1310 quoad
990 1266 1133 1309 posset,
1167 1260 1439 1306 moderaretur,
1474 1260 1534 1298 ille

209 1332 337 1363 autem
372 1326 478 1364 cuius
512 1338 659 1364 merces
691 1332 809 1372 erant,
840 1326 879 1362 in
913 1325 1083 1374 gladium
1113 1324 1255 1363 ibidem
1285 1325 1530 1364 incumberet.

150 1403 185 1435 15
209 1390 286 1428 Hic
313 1391 373 1428 ille
402 1391 609 1440 naufragus
638 1390 687 1428 ad
715 1390 1019 1441 gubernaculum
1048 1391 1219 1436 accessit,
1241 1396 1276 1427 et
1296 1390 1383 1427 navi
1404 1391 1534 1440 quoad

207 1456 329 1505 potuit
374 1463 430 1494 est
479 1456 699 1506 opitulatus.
773 1455 922 1494 Sedatis
965 1462 1093 1493 autem
1136 1455 1315 1492 fluctibus
1359 1462 1395 1492 et
1438 1462 1533 1493 tem-

208 1527 354 1570 pestate
387 1522 462 1558 iam
497 1527 743 1568 commutata,
781 1521 886 1558 navis
921 1521 959 1558 in
993 1527 1147 1570 portum
1182 1520 1408 1570 pervehitur.
1467 1521 1534 1559 Ille

207 1593 335 1623 autem
369 1587 433 1635 qui
467 1587 506 1623 in
540 1586 711 1635 gladium
747 1587 971 1624 incubuerat
1003 1586 1131 1623 leviter
1161 1586 1310 1623 saucius
1340 1585 1449 1623 facile
1478 1592 1535 1623 est

206 1664 253 1689 ex
292 1652 445 1690 vulnere
483 1658 685 1689 recreatus.
750 1652 889 1689 Navim
938 1663 1025 1689 cum
1073 1663 1188 1689 onere
1235 1650 1374 1688 horum
1422 1650 1535 1688 trium

147 1727 186 1749 ²0
208 1729 316 1755 suam
351 1718 513 1767 quisque
547 1729 631 1755 esse
673 1717 773 1755 dicit.
842 1717 919 1754 Hic
951 1728 1088 1754 omnes
1121 1717 1263 1765 scripto
1294 1715 1343 1753 ad
1378 1727 1534 1753 causam

206 1783 406 1828 accedunt,
445 1790 481 1820 et
519 1795 566 1820 ex
606 1782 775 1820 nominis
813 1783 848 1819 vi
887 1783 1054 1820 nascitur
1093 1781 1363 1819 controversia.
1432 1781 1533 1818 Nam

206 1855 244 1886 et
265 1847 476 1897 relinquere
497 1848 624 1885 navim
649 1854 685 1885 et
709 1860 908 1885 remanere
937 1848 976 1885 in
1005 1847 1090 1885 navi
1121 1847 1288 1897 denique
1317 1847 1422 1885 navis
1452 1847 1535 1896 ipsa

205 1913 298 1964 quid
319 1914 365 1952 sit
387 1913 674 1951 definitionibus
695 1920 908 1963 quaeretur.

661 2091 728 2125 25.
769 2086 896 2135 Sharp
924 2086 1126 2124 Praclz'ces.

257 2224 320 2262 De
352 2224 430 2261 iure
461 2223 703 2273 praediorum
734 2230 910 2261 sanctum
940 2223 1043 2272 apud
1072 2235 1145 2261 nos
1175 2229 1231 2260 est
1260 2223 1338 2260 iure
1369 2223 1466 2260 civili
1496 2228 1535 2261 ut

205 2289 244 2327 in
274 2289 319 2327 iis
343 2289 554 2327 vendendis
578 2289 665 2326 vitia
696 2289 912 2326 dicerentur
941 2301 1039 2338 quae
1069 2295 1162 2326 nota
1190 2294 1318 2326 essent
1338 2288 1534 2326 venditori.

208 2353 326 2400 Nam,
367 2367 487 2404 quum
525 2366 572 2391 ex
613 2366 664 2391 ΧΠ
703 2353 840 2391 tabulis
879 2354 969 2391 satis
1008 2360 1109 2392 esset
1142 2367 1187 2392 ea
1220 2354 1402 2404 praestari
1437 2366 1534 2404 quae
