1629 2553
161 115 184 153 8
511 123 569 152 Ex
578 122 755 153 TRACTS
784 123 844 153 FR
852 123 918 153 OM
947 123 1126 156 CICERO.

161 218 373 254 inverterat.
450 215 584 265 Itaque
623 215 694 253 hac
732 216 1017 265 opportunitate
1064 216 1165 254 anuli
1212 228 1302 255 usus
1343 228 1472 265 regem

159 282 363 319 dominum
397 281 597 325 interemit,
634 281 857 330 sustulitque
889 293 987 331 quos
1021 282 1173 319 obstare
1202 282 1472 319 arbitrabatur:
1493 293 1526 325 15

158 359 230 384 nec
261 347 299 383 in
339 346 397 383 his
435 357 523 383 eum
562 345 795 383 facinoribus
829 346 1032 395 quisquam
1066 347 1186 396 potuit
1218 347 1354 384 videre.
1413 345 1474 384 Sic

159 418 314 461 repente
353 411 455 448 anuli
493 410 682 447 beneficio
720 423 784 448 rex
823 418 978 448 exortus
1016 418 1073 449 est
1117 412 1271 460 Lydiae.
1355 411 1474 448 Hunc

156 476 268 525 igitur
290 477 415 525 ipsum
437 475 593 512 anulum
615 476 644 512 si
665 475 804 512 habeat
825 476 989 525 sapiens,
1011 476 1126 513 nihilo
1153 476 1237 525 plus
1262 476 1333 514 sibi
1361 476 1472 514 licere

158 548 264 590 putet
293 553 465 591 peccare,
495 552 612 589 quam
643 540 673 577 si
703 552 783 577 non
811 541 977 578 haberet.
1024 540 1202 578 Honesta
1231 541 1331 578 enim
1360 540 1472 578 bonis

155 607 253 653 viris,
276 618 355 644 non
376 605 536 650 occulta,
559 611 802 653 quaeruntur.
1487 616 1527 639 20

535 753 594 786 13.
636 748 669 786 A
703 747 840 797 Hapjy
868 747 1092 785 Resolutson.

208 870 348 908 Aratus
388 869 590 919 Sicyonius
628 869 707 906 iure
742 868 927 915 laudatur,
962 868 1038 919 qui,
1073 881 1191 919 quum
1225 869 1304 906 eius
1338 869 1469 907 civitas

152 935 429 985 quinquaginta
462 946 586 972 annos
620 946 642 971 a
674 934 842 983 tyrannis
882 940 1084 979 teneretur,
1124 933 1316 983 profectus
1355 933 1468 982 Argis

154 1003 371 1051 Sicyonem,
403 1000 640 1037 clandestino
671 1000 823 1037 introitu
853 1001 946 1038 urbe
976 1006 1032 1037 est
1061 1000 1216 1049 potitus.
1260 999 1467 1049 Quumque

151 1074 354 1116 tyrannum
393 1064 594 1102 Nicoclem
634 1065 841 1114 improviso
875 1065 1140 1114 oppressisset,
1172 1071 1375 1102 sexcentos
1405 1077 1467 1102 ex-

155 1132 267 1177 sules,
288 1131 352 1180 qui
374 1130 523 1168 fuerant
543 1130 624 1168 eius
645 1130 803 1168 civitatis
836 1129 1136 1178 locupletissimi,
1170 1129 1342 1175 restituit,
1367 1142 1465 1167 rem-
1481 1140 1496 1170 5

149 1207 224 1243 que
258 1193 450 1243 publicam
485 1193 650 1230 adventu
685 1204 754 1230 suo
786 1192 966 1229 liberavit.
1027 1191 1102 1229 Sed
1136 1203 1255 1240 quum
1284 1204 1465 1241 magnam

149 1258 463 1296 animadverteret
484 1258 522 1294 in
542 1257 654 1294 bonis
676 1264 711 1294 et
732 1257 1042 1306 possessionibus
1064 1256 1333 1302 difficultatem,
1362 1257 1466 1306 quod

149 1330 186 1362 et
206 1336 274 1361 eos
303 1335 401 1373 quos
431 1322 512 1371 ipse
542 1323 764 1367 restituerat,
787 1334 950 1372 quorum
979 1323 1084 1359 bona
1112 1322 1173 1359 alii
1201 1321 1464 1370 possederant,

150 1402 262 1439 egere
294 1389 575 1438 iniquissimum
604 1388 866 1432 arbitrabatur,
895 1393 931 1424 et
960 1387 1237 1436 quinquaginta
1275 1399 1463 1424 annorum

147 1454 413 1504 possessiones
443 1453 585 1490 moveri
615 1464 694 1490 non
721 1452 834 1489 nimis
861 1464 1026 1501 aequum
1060 1453 1227 1501 putabat,
1261 1458 1518 1502 propterea10

150 1520 255 1569 quod
274 1525 353 1557 tam
373 1518 491 1567 longo
514 1519 639 1566 spatio
660 1518 780 1555 multa
803 1517 1083 1562 hereditatibus,
1113 1517 1231 1554 multa
1261 1518 1464 1567 emptioni—

150 1587 234 1632 bus,
264 1584 383 1622 multa
413 1583 566 1621 dotibus
597 1583 823 1620 tenebantur
852 1583 932 1620 sine
962 1582 1106 1628 iniuria,
1137 1582 1311 1620 iudicavit
1340 1595 1463 1632 neque

148 1651 220 1688 illis
259 1650 375 1688 adimi
415 1660 540 1698 neque
579 1648 636 1685 his
675 1659 754 1684 non
794 1647 963 1684 satisfieri
1006 1658 1170 1697 quorum
1214 1647 1275 1684 illa
1316 1647 1465 1685 fuerant

147 1722 335 1764 oportere.
407 1713 539 1760 Quum
573 1713 684 1761 igitur
719 1713 909 1750 statuisset
942 1724 1039 1762 opus
1070 1724 1154 1750 esse
1188 1713 1236 1750 ad
1267 1725 1352 1750 eam
1383 1725 1464 1750 rem

148 1779 457 1819 constituendam
480 1779 654 1828 pecunia,
676 1778 953 1815 Alexandriam
974 1789 1014 1815 se
1035 1777 1224 1826 proficisci
1244 1778 1338 1815 velle
1359 1777 1462 1823 dixit,
1481 1788 1517 1820 15

148 1857 304 1894 remque
325 1845 513 1893 integram
534 1844 582 1881 ad
602 1843 763 1881 reditum
785 1855 897 1881 suum
917 1843 1022 1880 iussit
1041 1854 1140 1880 esse:
1168 1843 1274 1892 isque
1295 1842 1464 1880 celeriter

147 1912 196 1948 ad
226 1910 501 1955 Ptolemaeum,
537 1921 648 1946 suum
682 1908 887 1958 hospitem,
918 1909 1029 1953 venit,
1065 1908 1128 1957 qui
1163 1915 1242 1945 tum
1281 1909 1464 1957 regnabat

147 1977 239 2014 alter
276 1982 365 2025 post
395 1974 670 2012 Alexandriam
700 1974 906 2012 conditam.
976 1973 1048 2010 Cui
1077 1985 1194 2022 quum
1225 1973 1464 2022 exposuisset

146 2041 306 2091 patriam
329 2052 369 2078 se
391 2040 549 2077 liberare
570 2040 675 2085 velle,
698 2051 930 2089 causamque
953 2039 1166 2085 docuisset;
1198 2051 1220 2075 a
1248 2051 1337 2087 rege
1367 2050 1462 2088 opu-

144 2107 248 2144 lento
270 2106 324 2143 vir
345 2117 518 2143 summus
540 2105 649 2143 facile
675 2105 898 2154 impetravit,
932 2111 973 2141 ut
1004 2104 1138 2153 grandi
1170 2104 1333 2153 pecunia
1357 2104 1462 2141 adiu·
1484 2114 1521 2135 20

144 2178 303 2209 varetur-
379 2171 507 2217 Quam
532 2183 651 2220 quum
678 2170 883 2219 Sicyonem
909 2169 1101 2215 attulisset,
1128 2169 1296 2207 adhibuit
1326 2169 1396 2206 sibi
1426 2169 1462 2206 in

147 2235 349 2272 consilium
370 2234 590 2283 quindecim
619 2233 811 2283 principes
840 2245 927 2270 cum
958 2233 1095 2282 quibus
1124 2244 1258 2270 causas
1285 2233 1465 2281 cognovit

149 2308 341 2338 eteorum
363 2299 426 2348 qui
448 2299 571 2335 aliena
594 2299 785 2343 tenebant,
817 2303 854 2335 et
883 2310 1016 2335 eorum
1046 2298 1108 2346 qui
1139 2310 1207 2335 sua
1236 2297 1463 2335 amiserant:

149 2365 381 2415 perfecitque
412 2363 659 2402 aestimandis
690 2362 1010 2413 possessionibus,
1041 2369 1082 2400 ut
1111 2362 1354 2412 persuaderet
1384 2362 1464 2400 aliis
