<?xml version="1.0" encoding="UTF-8"?>
<!DOCTYPE html PUBLIC "-//W3C//DTD XHTML 1.0 Transitional//EN"
    "http://www.w3.org/TR/xhtml1/DTD/xhtml1-transitional.dtd">
<html xmlns="http://www.w3.org/1999/xhtml" xml:lang="en" lang="en">
 <head>
  <title>
</title>
<meta http-equiv="Content-Type" content="text/html;charset=utf-8" />
  <meta name='ocr-system' content='tesseract 3.04.00' />
  <meta name='ocr-capabilities' content='ocr_page ocr_carea ocr_par ocr_line ocrx_word'/>
</head>
<body>
  <div class='ocr_page' id='page_1' title='image "./extractsfromcice01ciceuoft_0084.png"; bbox 0 0 1629 2553; ppageno 0'>
   <div class='ocr_carea' id='block_1_1' title="bbox 91 100 1050 153">
    <p class='ocr_par' dir='ltr' id='par_1_1' title="bbox 91 100 1050 153">
     <span class='ocr_line' id='line_1_1' title="bbox 91 100 1050 153; baseline -0.005 -14"><span class='ocrx_word' id='word_1_1' title='bbox 91 100 142 153; x_wconf 87' lang='lat'>76</span> <span class='ocrx_word' id='word_1_2' title='bbox 436 103 678 136; x_wconf 84' lang='lat' dir='ltr'><em>EXTRACTS</em></span> <span class='ocrx_word' id='word_1_3' title='bbox 710 104 769 134; x_wconf 83' lang='lat' dir='ltr'>FR</span> <span class='ocrx_word' id='word_1_4' title='bbox 778 103 846 134; x_wconf 92' lang='lat' dir='ltr'>OM</span> <span class='ocrx_word' id='word_1_5' title='bbox 874 103 1050 134; x_wconf 85' lang='lat' dir='ltr'><em>CICERO.</em></span> 
     </span>
    </p>
   </div>
   <div class='ocr_carea' id='block_1_2' title="bbox 94 194 1479 1023">
    <p class='ocr_par' dir='ltr' id='par_1_2' title="bbox 94 194 1479 1023">
     <span class='ocr_line' id='line_1_2' title="bbox 95 194 1410 252; baseline -0.008 -12"><span class='ocrx_word' id='word_1_6' title='bbox 95 202 291 252; x_wconf 79' lang='lat' dir='ltr'>negotium</span> <span class='ocrx_word' id='word_1_7' title='bbox 313 199 477 238; x_wconf 88' lang='lat' dir='ltr'>conficit.</span> <span class='ocrx_word' id='word_1_8' title='bbox 550 198 687 235; x_wconf 82' lang='lat' dir='ltr'>Invitat</span> <span class='ocrx_word' id='word_1_9' title='bbox 708 196 852 235; x_wconf 88' lang='lat' dir='ltr'>Canius</span> <span class='ocrx_word' id='word_1_10' title='bbox 872 195 1054 246; x_wconf 85' lang='lat' dir='ltr'>postridie</span> <span class='ocrx_word' id='word_1_11' title='bbox 1075 194 1276 233; x_wconf 80' lang='lat' dir='ltr'>familiares</span> <span class='ocrx_word' id='word_1_12' title='bbox 1296 203 1410 239; x_wconf 89' lang='lat' dir='ltr'>suos;</span> 
     </span>
     <span class='ocr_line' id='line_1_3' title="bbox 97 259 1468 315; baseline -0.007 -10"><span class='ocrx_word' id='word_1_13' title='bbox 97 268 197 305; x_wconf 86' lang='lat' dir='ltr'>venit</span> <span class='ocrx_word' id='word_1_14' title='bbox 237 267 319 315; x_wconf 90' lang='lat' dir='ltr'>ipse</span> <span class='ocrx_word' id='word_1_15' title='bbox 360 271 531 311; x_wconf 84' lang='lat' dir='ltr'>mature;</span> <span class='ocrx_word' id='word_1_16' title='bbox 581 262 766 300; x_wconf 82' lang='lat' dir='ltr'>scalmum</span> <span class='ocrx_word' id='word_1_17' title='bbox 805 261 951 299; x_wconf 87' lang='lat' dir='ltr'>nulium</span> <span class='ocrx_word' id='word_1_18' title='bbox 983 260 1094 298; x_wconf 89' lang='lat' dir='ltr'>videt.</span> <span class='ocrx_word' id='word_1_19' title='bbox 1170 259 1327 306; x_wconf 81' lang='lat' dir='ltr'>Quaerit</span> <span class='ocrx_word' id='word_1_20' title='bbox 1366 269 1412 294; x_wconf 87' lang='lat' dir='ltr'>ex</span> <span class='ocrx_word' id='word_1_21' title='bbox 1432 275 1468 306; x_wconf 81' lang='lat'>25</span> 
     </span>
     <span class='ocr_line' id='line_1_4' title="bbox 96 327 1414 383; baseline -0.008 -13"><span class='ocrx_word' id='word_1_22' title='bbox 96 333 277 383; x_wconf 81' lang='lat' dir='ltr'>proximo</span> <span class='ocrx_word' id='word_1_23' title='bbox 316 331 453 376; x_wconf 90' lang='lat' dir='ltr'>vicino,</span> <span class='ocrx_word' id='word_1_24' title='bbox 493 340 587 366; x_wconf 91' lang='lat' dir='ltr'>num</span> <span class='ocrx_word' id='word_1_25' title='bbox 625 328 740 365; x_wconf 89' lang='lat' dir='ltr'>feriae</span> <span class='ocrx_word' id='word_1_26' title='bbox 778 327 970 377; x_wconf 79' lang='lat' dir='ltr'>quaedam</span> <span class='ocrx_word' id='word_1_27' title='bbox 1007 327 1239 375; x_wconf 84' lang='lat' dir='ltr'>piscatorum</span> <span class='ocrx_word' id='word_1_28' title='bbox 1276 329 1414 369; x_wconf 86' lang='lat' dir='ltr'>essent,</span> 
     </span>
     <span class='ocr_line' id='line_1_5' title="bbox 95 387 1415 449; baseline -0.008 -14"><span class='ocrx_word' id='word_1_29' title='bbox 95 398 199 449; x_wconf 85' lang='lat' dir='ltr'>quod</span> <span class='ocrx_word' id='word_1_30' title='bbox 222 409 289 434; x_wconf 91' lang='lat' dir='ltr'>eos</span> <span class='ocrx_word' id='word_1_31' title='bbox 311 396 436 433; x_wconf 89' lang='lat' dir='ltr'>nullos</span> <span class='ocrx_word' id='word_1_32' title='bbox 456 394 608 432; x_wconf 89' lang='lat' dir='ltr'>videret.</span> <span class='ocrx_word' id='word_1_33' title='bbox 666 392 837 437; x_wconf 88' lang='lat' dir='ltr'>‘Nullae,</span> <span class='ocrx_word' id='word_1_34' title='bbox 860 391 964 441; x_wconf 88' lang='lat' dir='ltr'>quod</span> <span class='ocrx_word' id='word_1_35' title='bbox 985 389 1126 435; x_wconf 87' lang='lat' dir='ltr'>sciam,’</span> <span class='ocrx_word' id='word_1_36' title='bbox 1147 389 1288 438; x_wconf 89' lang='lat' dir='ltr'>inquit:</span> <span class='ocrx_word' id='word_1_37' title='bbox 1325 392 1333 407; x_wconf 92' lang='lat'>‘</span> <span class='ocrx_word' id='word_1_38' title='bbox 1348 387 1415 426; x_wconf 91' lang='lat' dir='ltr'>sed</span> 
     </span>
     <span class='ocr_line' id='line_1_6' title="bbox 94 454 1413 511; baseline -0.008 -11"><span class='ocrx_word' id='word_1_39' title='bbox 94 464 154 500; x_wconf 86' lang='lat' dir='ltr'>hic</span> <span class='ocrx_word' id='word_1_40' title='bbox 186 461 323 511; x_wconf 90' lang='lat' dir='ltr'>piscari</span> <span class='ocrx_word' id='word_1_41' title='bbox 354 459 445 497; x_wconf 89' lang='lat' dir='ltr'>nulli</span> <span class='ocrx_word' id='word_1_42' title='bbox 476 458 611 496; x_wconf 90' lang='lat' dir='ltr'>solent.</span> <span class='ocrx_word' id='word_1_43' title='bbox 669 457 804 507; x_wconf 88' lang='lat' dir='ltr'>Itaque</span> <span class='ocrx_word' id='word_1_44' title='bbox 833 457 913 494; x_wconf 87' lang='lat' dir='ltr'>heri</span> <span class='ocrx_word' id='word_1_45' title='bbox 941 457 1116 501; x_wconf 89' lang='lat' dir='ltr'>mirabar,</span> <span class='ocrx_word' id='word_1_46' title='bbox 1139 454 1230 504; x_wconf 88' lang='lat' dir='ltr'>quid</span> <span class='ocrx_word' id='word_1_47' title='bbox 1257 454 1413 492; x_wconf 88' lang='lat' dir='ltr'>accidis-</span> 
     </span>
     <span class='ocr_line' id='line_1_7' title="bbox 95 518 1415 571; baseline -0.008 -6"><span class='ocrx_word' id='word_1_48' title='bbox 95 527 171 566; x_wconf 90' lang='lat' dir='ltr'>set.&#39;</span> <span class='ocrx_word' id='word_1_49' title='bbox 236 524 476 563; x_wconf 83' lang='lat' dir='ltr'>Stomachari</span> <span class='ocrx_word' id='word_1_50' title='bbox 524 523 680 561; x_wconf 88' lang='lat' dir='ltr'>Canius.</span> <span class='ocrx_word' id='word_1_51' title='bbox 741 522 817 560; x_wconf 88' lang='lat' dir='ltr'>Sed</span> <span class='ocrx_word' id='word_1_52' title='bbox 864 521 956 571; x_wconf 92' lang='lat' dir='ltr'>quid</span> <span class='ocrx_word' id='word_1_53' title='bbox 1004 520 1170 558; x_wconf 87' lang='lat' dir='ltr'>faceret?</span> <span class='ocrx_word' id='word_1_54' title='bbox 1228 518 1415 556; x_wconf 90' lang='lat' dir='ltr'>Nondum</span> 
     </span>
     <span class='ocr_line' id='line_1_8' title="bbox 94 583 1477 640; baseline -0.007 -10"><span class='ocrx_word' id='word_1_55' title='bbox 94 595 196 632; x_wconf 88' lang='lat' dir='ltr'>enim</span> <span class='ocrx_word' id='word_1_56' title='bbox 235 591 435 640; x_wconf 86' lang='lat' dir='ltr'>Aquillius,</span> <span class='ocrx_word' id='word_1_57' title='bbox 476 588 624 638; x_wconf 83' lang='lat' dir='ltr'>collega</span> <span class='ocrx_word' id='word_1_58' title='bbox 661 594 698 625; x_wconf 90' lang='lat' dir='ltr'>et</span> <span class='ocrx_word' id='word_1_59' title='bbox 740 587 932 624; x_wconf 89' lang='lat' dir='ltr'>familiaris</span> <span class='ocrx_word' id='word_1_60' title='bbox 970 597 1090 631; x_wconf 90' lang='lat' dir='ltr'>meus,</span> <span class='ocrx_word' id='word_1_61' title='bbox 1126 585 1331 634; x_wconf 87' lang='lat' dir='ltr'>protulerat</span> <span class='ocrx_word' id='word_1_62' title='bbox 1369 583 1416 620; x_wconf 92' lang='lat' dir='ltr'>de</span> <span class='ocrx_word' id='word_1_63' title='bbox 1434 599 1477 628; x_wconf 78' lang='lat'>30</span> 
     </span>
     <span class='ocr_line' id='line_1_9' title="bbox 94 652 1416 703; baseline -0.008 -7"><span class='ocrx_word' id='word_1_64' title='bbox 94 659 184 697; x_wconf 89' lang='lat' dir='ltr'>dolo</span> <span class='ocrx_word' id='word_1_65' title='bbox 218 656 321 694; x_wconf 87' lang='lat' dir='ltr'>malo</span> <span class='ocrx_word' id='word_1_66' title='bbox 355 655 565 693; x_wconf 88' lang='lat' dir='ltr'>formulas:</span> <span class='ocrx_word' id='word_1_67' title='bbox 615 654 654 690; x_wconf 90' lang='lat' dir='ltr'>in</span> <span class='ocrx_word' id='word_1_68' title='bbox 690 653 827 703; x_wconf 88' lang='lat' dir='ltr'>quibus</span> <span class='ocrx_word' id='word_1_69' title='bbox 861 652 952 701; x_wconf 89' lang='lat' dir='ltr'>ipsis</span> <span class='ocrx_word' id='word_1_70' title='bbox 987 663 1106 701; x_wconf 90' lang='lat' dir='ltr'>quum</span> <span class='ocrx_word' id='word_1_71' title='bbox 1140 662 1187 688; x_wconf 87' lang='lat' dir='ltr'>ex</span> <span class='ocrx_word' id='word_1_72' title='bbox 1221 662 1268 687; x_wconf 90' lang='lat' dir='ltr'>eo</span> <span class='ocrx_word' id='word_1_73' title='bbox 1301 661 1416 699; x_wconf 84' lang='lat' dir='ltr'>quae-</span> 
     </span>
     <span class='ocr_line' id='line_1_10' title="bbox 94 714 1417 771; baseline -0.008 -9"><span class='ocrx_word' id='word_1_74' title='bbox 94 731 236 762; x_wconf 88' lang='lat' dir='ltr'>reretur</span> <span class='ocrx_word' id='word_1_75' title='bbox 284 721 374 771; x_wconf 89' lang='lat' dir='ltr'>quid</span> <span class='ocrx_word' id='word_1_76' title='bbox 423 726 522 758; x_wconf 88' lang='lat' dir='ltr'>esset</span> <span class='ocrx_word' id='word_1_77' title='bbox 576 718 686 756; x_wconf 91' lang='lat' dir='ltr'>dolus</span> <span class='ocrx_word' id='word_1_78' title='bbox 742 718 875 764; x_wconf 89' lang='lat' dir='ltr'>malus,</span> <span class='ocrx_word' id='word_1_79' title='bbox 933 716 1204 766; x_wconf 88' lang='lat' dir='ltr'>respondebat,</span> <span class='ocrx_word' id='word_1_80' title='bbox 1263 714 1417 760; x_wconf 85' lang='lat' dir='ltr'>‘Quum</span> 
     </span>
     <span class='ocr_line' id='line_1_11' title="bbox 95 781 1419 831; baseline -0.009 -3"><span class='ocrx_word' id='word_1_81' title='bbox 95 796 196 828; x_wconf 82' lang='lat' dir='ltr'>esset</span> <span class='ocrx_word' id='word_1_82' title='bbox 235 787 337 825; x_wconf 87' lang='lat' dir='ltr'>aliud</span> <span class='ocrx_word' id='word_1_83' title='bbox 377 785 607 830; x_wconf 86' lang='lat' dir='ltr'>simulatum,</span> <span class='ocrx_word' id='word_1_84' title='bbox 646 783 748 821; x_wconf 89' lang='lat' dir='ltr'>aliud</span> <span class='ocrx_word' id='word_1_85' title='bbox 787 782 938 821; x_wconf 86' lang='lat' dir='ltr'>actum.’</span> <span class='ocrx_word' id='word_1_86' title='bbox 1004 781 1094 819; x_wconf 92' lang='lat' dir='ltr'>Hoc</span> <span class='ocrx_word' id='word_1_87' title='bbox 1133 781 1288 831; x_wconf 89' lang='lat' dir='ltr'>quidem</span> <span class='ocrx_word' id='word_1_88' title='bbox 1327 791 1419 817; x_wconf 88' lang='lat' dir='ltr'>sane</span> 
     </span>
     <span class='ocr_line' id='line_1_12' title="bbox 96 841 1442 899; baseline -0.008 -6"><span class='ocrx_word' id='word_1_89' title='bbox 96 855 295 899; x_wconf 87' lang='lat' dir='ltr'>luculente,</span> <span class='ocrx_word' id='word_1_90' title='bbox 318 858 357 889; x_wconf 86' lang='lat' dir='ltr'>ut</span> <span class='ocrx_word' id='word_1_91' title='bbox 388 852 436 888; x_wconf 90' lang='lat' dir='ltr'>ab</span> <span class='ocrx_word' id='word_1_92' title='bbox 466 850 623 888; x_wconf 90' lang='lat' dir='ltr'>homine</span> <span class='ocrx_word' id='word_1_93' title='bbox 654 849 775 898; x_wconf 91' lang='lat' dir='ltr'>perito</span> <span class='ocrx_word' id='word_1_94' title='bbox 805 847 1022 886; x_wconf 90' lang='lat' dir='ltr'>definiendi.</span> <span class='ocrx_word' id='word_1_95' title='bbox 1081 846 1186 895; x_wconf 83' lang='lat' dir='ltr'>Ergo</span> <span class='ocrx_word' id='word_1_96' title='bbox 1208 853 1243 884; x_wconf 90' lang='lat' dir='ltr'>et</span> <span class='ocrx_word' id='word_1_97' title='bbox 1265 841 1442 895; x_wconf 75' lang='lat' dir='ltr'>Pythius&#39;</span> 
     </span>
     <span class='ocr_line' id='line_1_13' title="bbox 98 911 1479 965; baseline -0.009 -7"><span class='ocrx_word' id='word_1_98' title='bbox 98 928 134 958; x_wconf 87' lang='lat' dir='ltr'>et</span> <span class='ocrx_word' id='word_1_99' title='bbox 167 930 302 957; x_wconf 88' lang='lat' dir='ltr'>omnes</span> <span class='ocrx_word' id='word_1_100' title='bbox 335 916 435 955; x_wconf 90' lang='lat' dir='ltr'>aliud</span> <span class='ocrx_word' id='word_1_101' title='bbox 471 922 629 965; x_wconf 81' lang='lat' dir='ltr'>agentes</span> <span class='ocrx_word' id='word_1_102' title='bbox 663 914 765 952; x_wconf 89' lang='lat' dir='ltr'>aliud</span> <span class='ocrx_word' id='word_1_103' title='bbox 801 912 1025 951; x_wconf 84' lang='lat' dir='ltr'>simulantes</span> <span class='ocrx_word' id='word_1_104' title='bbox 1060 912 1207 962; x_wconf 87' lang='lat' dir='ltr'>perfidi,</span> <span class='ocrx_word' id='word_1_105' title='bbox 1239 911 1416 960; x_wconf 86' lang='lat' dir='ltr'>improbi,</span> <span class='ocrx_word' id='word_1_106' title='bbox 1440 920 1479 954; x_wconf 87' lang='lat'>35</span> 
     </span>
     <span class='ocr_line' id='line_1_14' title="bbox 99 985 286 1023; baseline -0.016 0"><span class='ocrx_word' id='word_1_107' title='bbox 99 985 286 1023; x_wconf 86' lang='lat' dir='ltr'>malitiosi.</span> 
     </span>
    </p>
   </div>
   <div class='ocr_carea' id='block_1_3' title="bbox 619 1111 902 1150">
    <p class='ocr_par' dir='ltr' id='par_1_3' title="bbox 619 1111 902 1150">
     <span class='ocr_line' id='line_1_15' title="bbox 619 1111 902 1150; baseline -0.007 0"><span class='ocrx_word' id='word_1_108' title='bbox 619 1117 686 1150; x_wconf 82' lang='lat'>23.</span> <span class='ocrx_word' id='word_1_109' title='bbox 725 1111 902 1149; x_wconf 80' lang='lat' dir='ltr'>Evasion.</span> 
     </span>
    </p>
   </div>
   <div class='ocr_carea' id='block_1_4' title="bbox 106 1233 1494 2389">
    <p class='ocr_par' dir='ltr' id='par_1_4' title="bbox 106 1233 1494 2389">
     <span class='ocr_line' id='line_1_16' title="bbox 154 1233 1427 1284; baseline -0.004 -8"><span class='ocrx_word' id='word_1_110' title='bbox 154 1238 332 1277; x_wconf 86' lang='lat' dir='ltr'>Existunt</span> <span class='ocrx_word' id='word_1_111' title='bbox 360 1235 476 1274; x_wconf 88' lang='lat' dir='ltr'>etiam</span> <span class='ocrx_word' id='word_1_112' title='bbox 506 1246 621 1284; x_wconf 90' lang='lat' dir='ltr'>saepe</span> <span class='ocrx_word' id='word_1_113' title='bbox 652 1234 810 1272; x_wconf 86' lang='lat' dir='ltr'>iniuriae</span> <span class='ocrx_word' id='word_1_114' title='bbox 840 1233 1033 1272; x_wconf 89' lang='lat' dir='ltr'>calumnia</span> <span class='ocrx_word' id='word_1_115' title='bbox 1061 1233 1229 1283; x_wconf 83' lang='lat' dir='ltr'>quadam</span> <span class='ocrx_word' id='word_1_116' title='bbox 1250 1238 1287 1269; x_wconf 88' lang='lat' dir='ltr'>et</span> <span class='ocrx_word' id='word_1_117' title='bbox 1315 1233 1427 1271; x_wconf 85' lang='lat' dir='ltr'>nimis</span> 
     </span>
     <span class='ocr_line' id='line_1_17' title="bbox 106 1298 1427 1349; baseline -0.005 -7"><span class='ocrx_word' id='word_1_118' title='bbox 106 1304 240 1343; x_wconf 88' lang='lat' dir='ltr'>callida</span> <span class='ocrx_word' id='word_1_119' title='bbox 279 1302 347 1339; x_wconf 88' lang='lat' dir='ltr'>sed</span> <span class='ocrx_word' id='word_1_120' title='bbox 387 1300 578 1338; x_wconf 88' lang='lat' dir='ltr'>malitiosa</span> <span class='ocrx_word' id='word_1_121' title='bbox 615 1300 704 1336; x_wconf 87' lang='lat' dir='ltr'>iuris</span> <span class='ocrx_word' id='word_1_122' title='bbox 742 1299 1064 1349; x_wconf 85' lang='lat' dir='ltr'>interpretatione.</span> <span class='ocrx_word' id='word_1_123' title='bbox 1120 1298 1179 1336; x_wconf 84' lang='lat' dir='ltr'>Ex</span> <span class='ocrx_word' id='word_1_124' title='bbox 1214 1311 1291 1349; x_wconf 87' lang='lat' dir='ltr'>quo</span> <span class='ocrx_word' id='word_1_125' title='bbox 1326 1299 1427 1343; x_wconf 90' lang='lat' dir='ltr'>illud,</span> 
     </span>
     <span class='ocr_line' id='line_1_18' title="bbox 107 1364 1429 1411; baseline -0.005 -4"><span class='ocrx_word' id='word_1_126' title='bbox 107 1375 324 1408; x_wconf 86' lang='lat' dir='ltr'>‘summum</span> <span class='ocrx_word' id='word_1_127' title='bbox 360 1366 417 1404; x_wconf 87' lang='lat' dir='ltr'>ius</span> <span class='ocrx_word' id='word_1_128' title='bbox 453 1377 604 1403; x_wconf 86' lang='lat' dir='ltr'>summa</span> <span class='ocrx_word' id='word_1_129' title='bbox 637 1364 794 1411; x_wconf 89' lang='lat' dir='ltr'>iniuria,&#39;</span> <span class='ocrx_word' id='word_1_130' title='bbox 826 1364 968 1402; x_wconf 88' lang='lat' dir='ltr'>factum</span> <span class='ocrx_word' id='word_1_131' title='bbox 998 1370 1054 1402; x_wconf 88' lang='lat' dir='ltr'>est</span> <span class='ocrx_word' id='word_1_132' title='bbox 1088 1364 1164 1402; x_wconf 82' lang='lat' dir='ltr'>iam</span> <span class='ocrx_word' id='word_1_133' title='bbox 1196 1365 1321 1402; x_wconf 87' lang='lat' dir='ltr'>tritum</span> <span class='ocrx_word' id='word_1_134' title='bbox 1352 1376 1429 1401; x_wconf 89' lang='lat' dir='ltr'>ser-</span> 
     </span>
     <span class='ocr_line' id='line_1_19' title="bbox 106 1430 1431 1483; baseline -0.005 -10"><span class='ocrx_word' id='word_1_135' title='bbox 106 1447 221 1473; x_wconf 85' lang='lat' dir='ltr'>mone</span> <span class='ocrx_word' id='word_1_136' title='bbox 270 1432 525 1483; x_wconf 83' lang='lat' dir='ltr'>proverbium.</span> <span class='ocrx_word' id='word_1_137' title='bbox 603 1430 693 1476; x_wconf 87' lang='lat' dir='ltr'>Quo</span> <span class='ocrx_word' id='word_1_138' title='bbox 742 1431 779 1467; x_wconf 90' lang='lat' dir='ltr'>in</span> <span class='ocrx_word' id='word_1_139' title='bbox 826 1442 967 1479; x_wconf 84' lang='lat' dir='ltr'>genere</span> <span class='ocrx_word' id='word_1_140' title='bbox 1007 1430 1121 1467; x_wconf 89' lang='lat' dir='ltr'>etiam</span> <span class='ocrx_word' id='word_1_141' title='bbox 1160 1430 1198 1466; x_wconf 89' lang='lat' dir='ltr'>in</span> <span class='ocrx_word' id='word_1_142' title='bbox 1237 1430 1431 1480; x_wconf 83' lang='lat' dir='ltr'>republica</span> 
     </span>
     <span class='ocr_line' id='line_1_20' title="bbox 108 1495 1467 1548; baseline -0.005 -10"><span class='ocrx_word' id='word_1_143' title='bbox 108 1500 226 1538; x_wconf 84' lang='lat' dir='ltr'>multa</span> <span class='ocrx_word' id='word_1_144' title='bbox 256 1503 476 1548; x_wconf 83' lang='lat' dir='ltr'>peccantur,</span> <span class='ocrx_word' id='word_1_145' title='bbox 507 1502 547 1532; x_wconf 89' lang='lat' dir='ltr'>ut</span> <span class='ocrx_word' id='word_1_146' title='bbox 576 1495 648 1540; x_wconf 87' lang='lat' dir='ltr'>ille,</span> <span class='ocrx_word' id='word_1_147' title='bbox 680 1495 756 1544; x_wconf 88' lang='lat' dir='ltr'>qui,</span> <span class='ocrx_word' id='word_1_148' title='bbox 789 1507 908 1544; x_wconf 89' lang='lat' dir='ltr'>quum</span> <span class='ocrx_word' id='word_1_149' title='bbox 939 1495 1093 1543; x_wconf 80' lang='lat' dir='ltr'>triginta</span> <span class='ocrx_word' id='word_1_150' title='bbox 1125 1495 1270 1532; x_wconf 90' lang='lat' dir='ltr'>dierum</span> <span class='ocrx_word' id='word_1_151' title='bbox 1305 1502 1431 1532; x_wconf 84' lang='lat' dir='ltr'>essent</span> <span class='ocrx_word' id='word_1_152' title='bbox 1451 1507 1467 1537; x_wconf 85' lang='lat'>5</span> 
     </span>
     <span class='ocr_line' id='line_1_21' title="bbox 109 1560 1432 1610; baseline -0.005 -7"><span class='ocrx_word' id='word_1_153' title='bbox 109 1578 196 1604; x_wconf 89' lang='lat' dir='ltr'>curn</span> <span class='ocrx_word' id='word_1_154' title='bbox 231 1565 342 1602; x_wconf 89' lang='lat' dir='ltr'>hoste</span> <span class='ocrx_word' id='word_1_155' title='bbox 375 1562 495 1598; x_wconf 85' lang='lat' dir='ltr'>factae</span> <span class='ocrx_word' id='word_1_156' title='bbox 529 1560 715 1606; x_wconf 82' lang='lat' dir='ltr'>induciae,</span> <span class='ocrx_word' id='word_1_157' title='bbox 745 1567 863 1597; x_wconf 88' lang='lat' dir='ltr'>noctu</span> <span class='ocrx_word' id='word_1_158' title='bbox 891 1560 1145 1610; x_wconf 86' lang='lat' dir='ltr'>populabatur</span> <span class='ocrx_word' id='word_1_159' title='bbox 1173 1572 1298 1609; x_wconf 83' lang='lat' dir='ltr'>agros,</span> <span class='ocrx_word' id='word_1_160' title='bbox 1329 1561 1432 1610; x_wconf 88' lang='lat' dir='ltr'>quod</span> 
     </span>
     <span class='ocr_line' id='line_1_22' title="bbox 113 1625 1434 1675; baseline -0.005 -6"><span class='ocrx_word' id='word_1_161' title='bbox 113 1632 259 1669; x_wconf 87' lang='lat' dir='ltr'>dierum</span> <span class='ocrx_word' id='word_1_162' title='bbox 299 1633 426 1666; x_wconf 86' lang='lat' dir='ltr'>essent</span> <span class='ocrx_word' id='word_1_163' title='bbox 465 1632 599 1675; x_wconf 80' lang='lat' dir='ltr'>pactae</span> <span class='ocrx_word' id='word_1_164' title='bbox 639 1637 717 1662; x_wconf 91' lang='lat' dir='ltr'>non</span> <span class='ocrx_word' id='word_1_165' title='bbox 756 1625 926 1662; x_wconf 88' lang='lat' dir='ltr'>noctium</span> <span class='ocrx_word' id='word_1_166' title='bbox 966 1625 1153 1664; x_wconf 87' lang='lat' dir='ltr'>induciae.</span> <span class='ocrx_word' id='word_1_167' title='bbox 1210 1625 1270 1662; x_wconf 92' lang='lat' dir='ltr'>Ne</span> <span class='ocrx_word' id='word_1_168' title='bbox 1304 1632 1434 1663; x_wconf 91' lang='lat' dir='ltr'>noster</span> 
     </span>
     <span class='ocr_line' id='line_1_23' title="bbox 112 1690 1432 1748; baseline -0.005 -14"><span class='ocrx_word' id='word_1_169' title='bbox 112 1696 268 1748; x_wconf 85' lang='lat' dir='ltr'>quidem</span> <span class='ocrx_word' id='word_1_170' title='bbox 308 1691 544 1743; x_wconf 88' lang='lat' dir='ltr'>probandus,</span> <span class='ocrx_word' id='word_1_171' title='bbox 581 1691 611 1728; x_wconf 91' lang='lat' dir='ltr'>si</span> <span class='ocrx_word' id='word_1_172' title='bbox 646 1702 776 1728; x_wconf 87' lang='lat' dir='ltr'>verum</span> <span class='ocrx_word' id='word_1_173' title='bbox 814 1697 883 1737; x_wconf 84' lang='lat' dir='ltr'>est,</span> <span class='ocrx_word' id='word_1_174' title='bbox 918 1690 1164 1736; x_wconf 89' lang='lat' dir='ltr'>Q..Fabium</span> <span class='ocrx_word' id='word_1_175' title='bbox 1198 1690 1432 1736; x_wconf 77' lang='lat' dir='ltr'>Labeonem,</span> 
     </span>
     <span class='ocr_line' id='line_1_24' title="bbox 111 1753 1433 1810; baseline -0.005 -12"><span class='ocrx_word' id='word_1_176' title='bbox 111 1775 178 1800; x_wconf 90' lang='lat' dir='ltr'>seu</span> <span class='ocrx_word' id='word_1_177' title='bbox 210 1771 327 1810; x_wconf 88' lang='lat' dir='ltr'>quern</span> <span class='ocrx_word' id='word_1_178' title='bbox 358 1758 487 1799; x_wconf 88' lang='lat' dir='ltr'>alium,</span> <span class='ocrx_word' id='word_1_179' title='bbox 511 1755 620 1807; x_wconf 89' lang='lat' dir='ltr'>(nihil</span> <span class='ocrx_word' id='word_1_180' title='bbox 650 1756 753 1793; x_wconf 87' lang='lat' dir='ltr'>enim</span> <span class='ocrx_word' id='word_1_181' title='bbox 783 1762 931 1804; x_wconf 84' lang='lat' dir='ltr'>praeter</span> <span class='ocrx_word' id='word_1_182' title='bbox 961 1755 1131 1792; x_wconf 90' lang='lat' dir='ltr'>auditum</span> <span class='ocrx_word' id='word_1_183' title='bbox 1159 1753 1315 1805; x_wconf 81' lang='lat' dir='ltr'>habeo),</span> <span class='ocrx_word' id='word_1_184' title='bbox 1336 1756 1433 1793; x_wconf 89' lang='lat' dir='ltr'>arbi-</span> 
     </span>
     <span class='ocr_line' id='line_1_25' title="bbox 113 1820 1494 1870; baseline -0.002 -6"><span class='ocrx_word' id='word_1_185' title='bbox 113 1835 211 1865; x_wconf 83' lang='lat' dir='ltr'>trum</span> <span class='ocrx_word' id='word_1_186' title='bbox 248 1823 411 1861; x_wconf 86' lang='lat' dir='ltr'>Nolanis</span> <span class='ocrx_word' id='word_1_187' title='bbox 446 1828 483 1859; x_wconf 90' lang='lat' dir='ltr'>et</span> <span class='ocrx_word' id='word_1_188' title='bbox 517 1820 782 1870; x_wconf 85' lang='lat' dir='ltr'>Neapolitanis</span> <span class='ocrx_word' id='word_1_189' title='bbox 817 1821 864 1858; x_wconf 91' lang='lat' dir='ltr'>de</span> <span class='ocrx_word' id='word_1_190' title='bbox 899 1821 1038 1858; x_wconf 83' lang='lat' dir='ltr'>finibus</span> <span class='ocrx_word' id='word_1_191' title='bbox 1069 1833 1092 1858; x_wconf 91' lang='lat' dir='ltr'>a</span> <span class='ocrx_word' id='word_1_192' title='bbox 1124 1827 1260 1858; x_wconf 86' lang='lat' dir='ltr'>senatu</span> <span class='ocrx_word' id='word_1_193' title='bbox 1291 1821 1433 1867; x_wconf 90' lang='lat' dir='ltr'>datum,</span> <span class='ocrx_word' id='word_1_194' title='bbox 1456 1839 1494 1861; x_wconf 89' lang='lat'>10</span> 
     </span>
     <span class='ocr_line' id='line_1_26' title="bbox 114 1886 1432 1942; baseline -0.005 -12"><span class='ocrx_word' id='word_1_195' title='bbox 114 1904 233 1942; x_wconf 85' lang='lat' dir='ltr'>quum</span> <span class='ocrx_word' id='word_1_196' title='bbox 265 1889 314 1927; x_wconf 85' lang='lat' dir='ltr'>ad</span> <span class='ocrx_word' id='word_1_197' title='bbox 346 1889 474 1926; x_wconf 90' lang='lat' dir='ltr'>locum</span> <span class='ocrx_word' id='word_1_198' title='bbox 504 1888 679 1932; x_wconf 84' lang='lat' dir='ltr'>venisset,</span> <span class='ocrx_word' id='word_1_199' title='bbox 704 1898 792 1924; x_wconf 90' lang='lat' dir='ltr'>cum</span> <span class='ocrx_word' id='word_1_200' title='bbox 821 1887 988 1935; x_wconf 87' lang='lat' dir='ltr'>utrisque</span> <span class='ocrx_word' id='word_1_201' title='bbox 1019 1886 1223 1935; x_wconf 86' lang='lat' dir='ltr'>separatim</span> <span class='ocrx_word' id='word_1_202' title='bbox 1251 1886 1432 1933; x_wconf 88' lang='lat' dir='ltr'>locutum,</span> 
     </span>
     <span class='ocr_line' id='line_1_27' title="bbox 115 1952 1436 2004; baseline -0.005 -8"><span class='ocrx_word' id='word_1_203' title='bbox 115 1966 155 1996; x_wconf 92' lang='lat' dir='ltr'>ut</span> <span class='ocrx_word' id='word_1_204' title='bbox 185 1970 233 1994; x_wconf 89' lang='lat' dir='ltr'>ne</span> <span class='ocrx_word' id='word_1_205' title='bbox 264 1954 402 2004; x_wconf 89' lang='lat' dir='ltr'>cupide</span> <span class='ocrx_word' id='word_1_206' title='bbox 432 1952 524 2002; x_wconf 89' lang='lat' dir='ltr'>quid</span> <span class='ocrx_word' id='word_1_207' title='bbox 554 1957 720 2001; x_wconf 80' lang='lat' dir='ltr'>agerent,</span> <span class='ocrx_word' id='word_1_208' title='bbox 745 1964 793 1989; x_wconf 90' lang='lat' dir='ltr'>ne</span> <span class='ocrx_word' id='word_1_209' title='bbox 823 1958 1054 2001; x_wconf 85' lang='lat' dir='ltr'>appetenter,</span> <span class='ocrx_word' id='word_1_210' title='bbox 1077 1959 1190 2001; x_wconf 82' lang='lat' dir='ltr'>atque</span> <span class='ocrx_word' id='word_1_211' title='bbox 1219 1958 1259 1989; x_wconf 90' lang='lat' dir='ltr'>ut</span> <span class='ocrx_word' id='word_1_212' title='bbox 1287 1953 1436 2001; x_wconf 85' lang='lat' dir='ltr'>regredi</span> 
     </span>
     <span class='ocr_line' id='line_1_28' title="bbox 117 2017 1435 2073; baseline -0.005 -12"><span class='ocrx_word' id='word_1_213' title='bbox 117 2035 234 2073; x_wconf 88' lang='lat' dir='ltr'>quarn</span> <span class='ocrx_word' id='word_1_214' title='bbox 272 2019 452 2070; x_wconf 84' lang='lat' dir='ltr'>progredi</span> <span class='ocrx_word' id='word_1_215' title='bbox 491 2018 658 2055; x_wconf 85' lang='lat' dir='ltr'>mallent.</span> <span class='ocrx_word' id='word_1_216' title='bbox 715 2017 761 2054; x_wconf 93' lang='lat' dir='ltr'>Id</span> <span class='ocrx_word' id='word_1_217' title='bbox 801 2029 920 2066; x_wconf 90' lang='lat' dir='ltr'>quum</span> <span class='ocrx_word' id='word_1_218' title='bbox 960 2018 1108 2067; x_wconf 89' lang='lat' dir='ltr'>utrique</span> <span class='ocrx_word' id='word_1_219' title='bbox 1149 2017 1336 2064; x_wconf 88' lang='lat' dir='ltr'>fecissent,</span> <span class='ocrx_word' id='word_1_220' title='bbox 1371 2018 1435 2055; x_wconf 85' lang='lat' dir='ltr'>ali-</span> 
     </span>
     <span class='ocr_line' id='line_1_29' title="bbox 116 2082 1434 2139; baseline -0.004 -13"><span class='ocrx_word' id='word_1_221' title='bbox 116 2094 303 2139; x_wconf 86' lang='lat' dir='ltr'>quantum</span> <span class='ocrx_word' id='word_1_222' title='bbox 333 2085 414 2134; x_wconf 89' lang='lat' dir='ltr'>agri</span> <span class='ocrx_word' id='word_1_223' title='bbox 445 2085 483 2121; x_wconf 89' lang='lat' dir='ltr'>in</span> <span class='ocrx_word' id='word_1_224' title='bbox 512 2084 641 2121; x_wconf 91' lang='lat' dir='ltr'>medio</span> <span class='ocrx_word' id='word_1_225' title='bbox 671 2083 841 2120; x_wconf 86' lang='lat' dir='ltr'>relictum</span> <span class='ocrx_word' id='word_1_226' title='bbox 871 2089 938 2120; x_wconf 85' lang='lat' dir='ltr'>est.</span> <span class='ocrx_word' id='word_1_227' title='bbox 996 2083 1130 2132; x_wconf 89' lang='lat' dir='ltr'>Itaque</span> <span class='ocrx_word' id='word_1_228' title='bbox 1155 2082 1302 2120; x_wconf 89' lang='lat' dir='ltr'>illorum</span> <span class='ocrx_word' id='word_1_229' title='bbox 1328 2083 1434 2128; x_wconf 90' lang='lat' dir='ltr'>fines,</span> 
     </span>
     <span class='ocr_line' id='line_1_30' title="bbox 117 2147 1493 2202; baseline -0.004 -10"><span class='ocrx_word' id='word_1_230' title='bbox 117 2157 212 2192; x_wconf 87' lang='lat' dir='ltr'>sicut</span> <span class='ocrx_word' id='word_1_231' title='bbox 250 2152 323 2202; x_wconf 89' lang='lat' dir='ltr'>ipsi</span> <span class='ocrx_word' id='word_1_232' title='bbox 363 2151 547 2195; x_wconf 85' lang='lat' dir='ltr'>dixerant,</span> <span class='ocrx_word' id='word_1_233' title='bbox 588 2148 821 2186; x_wconf 88' lang='lat' dir='ltr'>terminavit:</span> <span class='ocrx_word' id='word_1_234' title='bbox 879 2148 917 2184; x_wconf 90' lang='lat' dir='ltr'>in</span> <span class='ocrx_word' id='word_1_235' title='bbox 956 2147 1083 2185; x_wconf 90' lang='lat' dir='ltr'>medio</span> <span class='ocrx_word' id='word_1_236' title='bbox 1122 2149 1293 2186; x_wconf 87' lang='lat' dir='ltr'>relictum</span> <span class='ocrx_word' id='word_1_237' title='bbox 1332 2148 1436 2198; x_wconf 90' lang='lat' dir='ltr'>quod</span> <span class='ocrx_word' id='word_1_238' title='bbox 1459 2162 1493 2195; x_wconf 85' lang='lat'>15</span> 
     </span>
     <span class='ocr_line' id='line_1_31' title="bbox 122 2213 1437 2267; baseline -0.005 -10"><span class='ocrx_word' id='word_1_239' title='bbox 122 2226 211 2264; x_wconf 88' lang='lat' dir='ltr'>erat,</span> <span class='ocrx_word' id='word_1_240' title='bbox 248 2216 394 2267; x_wconf 87' lang='lat' dir='ltr'>populo</span> <span class='ocrx_word' id='word_1_241' title='bbox 430 2215 611 2252; x_wconf 84' lang='lat' dir='ltr'>Romano</span> <span class='ocrx_word' id='word_1_242' title='bbox 646 2214 882 2252; x_wconf 86' lang='lat' dir='ltr'>adiudicavit.</span> <span class='ocrx_word' id='word_1_243' title='bbox 955 2213 1141 2262; x_wconf 88' lang='lat' dir='ltr'>Decipere</span> <span class='ocrx_word' id='word_1_244' title='bbox 1175 2213 1249 2251; x_wconf 89' lang='lat' dir='ltr'>hoc</span> <span class='ocrx_word' id='word_1_245' title='bbox 1282 2214 1437 2263; x_wconf 88' lang='lat' dir='ltr'>quidem</span> 
     </span>
     <span class='ocr_line' id='line_1_32' title="bbox 124 2279 1438 2328; baseline -0.005 -6"><span class='ocrx_word' id='word_1_246' title='bbox 124 2292 181 2323; x_wconf 87' lang='lat' dir='ltr'>est</span> <span class='ocrx_word' id='word_1_247' title='bbox 211 2295 291 2320; x_wconf 89' lang='lat' dir='ltr'>non</span> <span class='ocrx_word' id='word_1_248' title='bbox 321 2282 499 2319; x_wconf 86' lang='lat' dir='ltr'>iudicare.</span> <span class='ocrx_word' id='word_1_249' title='bbox 556 2279 750 2326; x_wconf 87' lang='lat' dir='ltr'>Quocirca</span> <span class='ocrx_word' id='word_1_250' title='bbox 783 2280 822 2316; x_wconf 89' lang='lat' dir='ltr'>in</span> <span class='ocrx_word' id='word_1_251' title='bbox 856 2279 962 2316; x_wconf 88' lang='lat' dir='ltr'>omni</span> <span class='ocrx_word' id='word_1_252' title='bbox 994 2291 1033 2316; x_wconf 93' lang='lat' dir='ltr'>re</span> <span class='ocrx_word' id='word_1_253' title='bbox 1063 2279 1243 2328; x_wconf 83' lang='lat' dir='ltr'>fugienda</span> <span class='ocrx_word' id='word_1_254' title='bbox 1272 2286 1328 2317; x_wconf 89' lang='lat' dir='ltr'>est</span> <span class='ocrx_word' id='word_1_255' title='bbox 1357 2279 1438 2317; x_wconf 88' lang='lat' dir='ltr'>talis</span> 
     </span>
     <span class='ocr_line' id='line_1_33' title="bbox 118 2349 291 2389; baseline -0.023 0"><span class='ocrx_word' id='word_1_256' title='bbox 118 2349 291 2389; x_wconf 85' lang='lat' dir='ltr'>sollertia.</span> 
     </span>
    </p>
   </div>
  </div>
 </body>
</html>
