1629 2553
154 122 207 160 24
504 117 746 149 EXTRACTS
776 116 912 148 FROM
939 116 1118 148 CICERO.

540 303 606 338 27.
645 297 709 335 An
737 298 905 348 unhappy
929 297 1082 347 Erant.

203 414 598 463 Duodequadraginta
643 425 767 451 annos
814 420 995 462 tyrannus
1036 412 1361 462 Syracusanorum
1399 411 1469 450 fuit

149 479 367 529 Dionysius,
404 492 522 529 quum
556 479 724 528 quinque
758 485 794 516 et
827 479 958 527 viginti
990 485 1102 515 natus
1136 490 1259 515 annos
1294 478 1468 515 domina-

149 552 229 582 tum
258 544 532 593 occupavisset.
592 544 680 591 Qua
709 543 986 592 pulchritudine
1015 545 1161 588 urbem,
1184 544 1321 592 quibus
1341 549 1468 580 autem

149 611 287 659 opibus
306 610 517 658 praeditam
539 610 714 646 servitute
735 621 962 658 oppressam
979 608 1097 645 tenuit
1113 608 1317 645 civitatem!
1351 607 1470 657 Atqui

150 675 196 712 de
225 674 300 712 hoc
329 674 485 712 homine
515 687 537 711 a
566 675 677 711 bonis
706 674 924 711 auctoribus
954 674 1008 710 sic
1035 674 1218 722 seriptum
1238 673 1468 722 accepimus,
1488 687 1505 718 5

149 751 341 777 summam
380 739 497 776 fuisse
536 740 616 777 eius
654 739 693 775 in
731 739 830 775 victu
868 739 1171 788 temperantiam,
1203 738 1241 774 in
1279 739 1469 787 rebusque

148 804 327 853 gerendis
357 804 478 841 virum
508 816 635 842 acrem
665 810 701 841 et
729 804 967 849 industrium,
989 803 1169 840 eumdem
1195 809 1324 840 tamen
1353 803 1470 840 male-

148 870 265 906 ficum
299 877 433 907 natura
467 876 504 907 et
538 870 730 907 iniustum.
790 869 849 906 Ex
883 881 961 918 quo
995 869 1183 914 omnibus,
1214 869 1311 906 bene
1340 869 1470 907 verita-

148 942 225 971 tem
261 935 506 981 intuentibus,
540 935 656 972 videri
688 946 845 972 necesse
876 940 932 971 est
961 933 1224 971 miserrimum.
1281 933 1340 971 Ea
1368 935 1470 972 enim

149 1000 232 1048 ipsa
272 1011 371 1048 quae
411 1000 659 1049 concupierat
700 1012 748 1036 ne
788 1006 868 1036 tum
910 999 1065 1048 quidem
1103 1011 1222 1047 quum
1261 1000 1392 1036 omnia
1430 1012 1470 1037 se

148 1076 263 1112 posse
292 1065 474 1101 censebat
501 1065 818 1113 consequebatur.
876 1063 953 1109 Qui
983 1076 1103 1112 quum
1134 1071 1233 1101 esset
1261 1064 1372 1102 bonis
1404 1077 1469 1114 pa-

148 1130 318 1166 rentibus
339 1135 452 1179 atque
474 1129 641 1167 honesto
661 1129 748 1166 loco
769 1135 881 1166 natus
908 1128 992 1180 (etsi
1022 1129 1060 1166 id
1089 1129 1245 1178 quidem
1274 1129 1367 1166 alius
1396 1129 1470 1166 alio

147 1194 267 1231 modo
301 1195 470 1242 tradidit)
507 1195 794 1244 abundaretque
833 1194 1046 1243 aequalium
1085 1193 1397 1232 familiaritatibus
1436 1201 1471 1232 et

149 1260 423 1297 consuetudine
463 1260 780 1309 propinquorum,
821 1259 999 1296 credebat
1047 1271 1087 1296 se
1135 1271 1269 1296 eorum
1315 1260 1470 1305 nemini,

106 1369 115 1377 ²
149 1325 216 1362 sed
236 1325 290 1371 iis,
312 1337 410 1374 quos
437 1337 485 1363 ex
512 1325 661 1362 familiis
688 1324 922 1374 locupletum
949 1336 1079 1362 servos
1108 1324 1310 1373 delegerat,
1333 1326 1470 1374 quibus

148 1403 292 1429 nomen
323 1391 509 1428 servitutis
539 1391 620 1439 ipse
650 1390 874 1435 detraxerat,
896 1396 933 1426 et
961 1390 1192 1439 quibusdam
1223 1391 1406 1428 convenis
1435 1397 1471 1427 et

149 1456 234 1493 seris
266 1456 435 1493 barbaris
471 1456 642 1505 corporis
674 1454 890 1493 custodiam
923 1455 1199 1492 committebat.
1257 1455 1316 1493 Ita
1354 1468 1470 1505 prop-

148 1528 203 1558 ter
236 1520 415 1558 iniustam
449 1521 668 1558 dominatus
702 1520 950 1569 cupiditatem
987 1520 1027 1556 in
1060 1531 1253 1557 carcerem
1284 1520 1471 1570 quodam-

148 1587 268 1624 modo
301 1587 383 1635 ipse
418 1599 459 1624 se
493 1586 704 1624 incluserat.
765 1585 871 1632 Quin
906 1586 1032 1632 etiam,
1068 1597 1116 1623 ne
1151 1587 1296 1623 tonsori
1330 1586 1471 1623 collum

147 1652 412 1695 committeret,
442 1651 602 1688 tondere
633 1651 727 1688 filias
758 1663 845 1688 suas
876 1651 1014 1688 docuit.
1080 1650 1138 1688 Ita
1167 1651 1324 1688 sordido
1354 1651 1471 1688 ancil-

147 1717 289 1766 larique
324 1717 481 1754 artificio
517 1717 644 1766 regiae
679 1717 854 1765 virgines,
889 1723 930 1753 ut
968 1716 1224 1761 tonstriculae,
1258 1717 1472 1754 tondebant

146 1783 304 1819 barbam
357 1788 392 1819 et
447 1781 628 1830 capillum
682 1781 808 1830 patris.
893 1781 943 1818 Et
990 1788 1118 1817 tamen
1166 1781 1214 1818 ab
1261 1781 1318 1818 his
1365 1782 1470 1830 ipsis,

146 1860 264 1896 quum
303 1847 379 1884 iam
418 1853 546 1884 essent
584 1846 746 1891 adultae,
781 1847 922 1883 serrum
956 1846 1126 1890 removit,
1162 1846 1397 1895 instituitque
1431 1853 1471 1884 ut

146 1913 398 1950 candentibus
419 1912 655 1961 iuglandium
676 1913 936 1962 putaminibus
957 1912 1116 1949 barbam
1137 1912 1206 1948 sibi
1231 1918 1266 1948 et
1291 1912 1470 1960 capillum

146 1978 358 2015 adurerent.
417 1977 627 2027 Quumque
661 1978 755 2015 duas
790 1989 930 2015 uxores
964 1977 1130 2023 haberet,
1162 1976 1467 2023 Aristomachen,

146 2044 266 2080 civem
298 2055 417 2089 suam,
448 2043 634 2080 Doridem
664 2050 791 2081 autem
821 2043 1069 2088 Locrensem,
1098 2042 1150 2079 sic
1181 2049 1298 2079 noctu
1326 2042 1375 2079 ad
1405 2054 1469 2079 eas

145 2108 361 2152 ventitabat,
403 2115 443 2144 ut
482 2109 612 2144 omnia
652 2108 908 2157 specularetur
947 2114 984 2145 et
1027 2113 1325 2156 perscrutaretur
1371 2113 1469 2145 ante.

145 2172 204 2218 Et,
244 2185 363 2221 quum
403 2173 547 2210 fossam
595 2173 710 2210 latam
760 2173 964 2210 cubiculari
1011 2172 1109 2210 lecto
1159 2171 1470 2209 circumdedisset

146 2240 302 2287 eiusque
331 2238 457 2276 fossae
488 2239 685 2276 transitum
711 2239 907 2289 ponticulo
937 2239 1064 2287 ligneo
1089 2238 1359 2283 coniunxisset,
1381 2250 1469 2275 eum

146 2305 282 2352 ipsum,
311 2316 429 2352 quum
459 2303 581 2341 sorem
612 2305 774 2342 cubiculi
804 2304 1001 2349 clauserat,
1024 2303 1283 2352 detorquebat.
1342 2303 1470 2340 Idem-

146 2381 230 2418 que,
253 2381 371 2417 quum
393 2369 431 2405 in
452 2369 721 2407 communibus
742 2369 934 2418 suggestis
955 2368 1161 2406 consistere
1193 2380 1271 2405 non
1301 2367 1468 2408 auderet.

1492 1016 1530 1037 10

1493 1341 1529 1372 15

1490 1669 1531 1690 20

1490 1991 1527 2023 25

1486 2314 1529 2345 30
